1960 2683
953 103 983 142 2

98 233 211 269 quar,
245 219 371 264 viam,⁴
403 229 515 267 quam
543 218 604 256 vir
627 219 859 257 doctissimus
884 220 1210 270 Morgensternius
1227 223 1275 269 *)
1306 223 1384 278 jam
1419 224 1601 274 ingressus
1624 224 1796 273 epistolas
1819 239 1842 263 a

99 267 222 303 satiris
246 266 369 302 forma
391 267 541 313 quidem
565 279 642 301 esse
666 267 828 302 diversas
853 268 1059 310 contendit,
1101 268 1222 303 denuo
1245 270 1431 314 insistam,
1469 281 1507 307 et
1530 274 1845 319 quantulumcun-

100 325 172 360 que
197 313 236 347 in
259 324 320 347 me
344 322 398 348 est
416 313 556 359 ingenii
584 312 650 347 dili
678 319 782 348 enter
804 313 1013 359 inquiram,
1038 326 1110 360 qua
1134 315 1276 351 ratione
1298 316 1520 360 satirarum,
1560 317 1606 353 de
1630 317 1760 368 quibus
1782 317 1844 353 hic

101 360 236 407 agitur,
260 371 318 394 res
341 365 379 394 et
402 358 518 396 verba
540 372 579 396 se
602 359 650 396 ha
698 366 782 405 ant3
810 371 970 407 namque
993 360 1047 396 ita
1068 373 1183 409 genus
1207 374 1356 405 earum,
1381 365 1491 410 quale
1512 364 1582 408 sit,
1606 364 1739 400 melius
1762 364 1843 400 erui

101 417 207 454 posse
232 416 373 443 censeo.

241 517 297 552 At
318 528 381 551 me
404 516 558 562 vestigia
582 515 656 552 viri
679 517 799 552 multo
822 515 1099 564 praestantioris
1121 512 1294 564 pressisse
1325 524 1520 564 actumque
1542 518 1656 566 egisse
1679 520 1758 556 noli
1781 521 1844 556 in-

97 575 270 611 crepare,
294 562 473 598 benevole
496 564 632 604 lector,
657 574 810 609 remque
828 563 920 598 vitio
937 561 1032 597 mihi
1050 568 1207 602 vertere.
1256 563 1423 599 Tametsi
1446 564 1546 599 enim
1570 576 1636 600 nec
1659 577 1757 601 nova
1776 578 1846 601 nec

101 609 268 646 inaudita
290 615 466 654 tanquam
489 620 510 643 e
533 607 669 643 fodinis
692 608 879 655 hucusque
902 608 1053 643 occultis
1076 621 1157 644 sum
1176 613 1355 646 elaturus:
1379 617 1516 652 tamen,
1541 621 1635 656 quae
1655 611 1731 646 viri
1745 611 1844 647 docti

101 663 137 691 et
160 654 352 703 ingenuosi
376 654 421 689 de
444 666 640 689 numeroso
677 654 744 689 illo
768 655 1023 690 Romanorum
1046 661 1155 702 poeta
1186 656 1370 692 subtiliter
1395 662 1432 692 et
1465 658 1651 704 eleganter
1673 656 1842 705 disputa-

100 708 207 743 runt,
231 702 301 743 ita,
326 707 368 736 ut
390 714 466 736 uno
490 701 529 736 in
551 707 746 749 conspectu
762 701 884 736 videri
902 701 1060 749 possint,
1085 701 1312 746 describere,
1338 709 1374 738 et
1393 701 1507 745 fonte,
1532 714 1552 737 e
1568 714 1639 750 quo
1656 703 1746 740 haec
1758 714 1843 739 car-

100 750 204 784 mina
227 747 376 783 satirico
390 748 467 783 sale
491 759 684 795 conspersa
695 754 906 790 manarunt,
931 754 1073 795 aperto,
1099 756 1278 796 quantum
1294 761 1464 797 possum,
1490 748 1621 793 finem,
1647 762 1719 797 quo
1736 761 1842 785 com-

101 802 221 830 motus
246 794 396 829 Flaccus
429 793 574 840 juvenis
606 805 776 829 sermone
807 794 997 830 acerbiore
1018 794 1234 842 majoreque
1257 796 1449 837 dicacitate
1472 795 1669 831 hominum
1691 796 1783 832 vitia
1806 802 1843 831 et

101 853 245 877 errores
269 847 333 877 aut
355 839 511 877 ridendo
535 845 601 876 aut
623 839 834 888 castigando
856 839 1135 888 perstrinxerit,
1160 841 1323 878 breviter
1345 852 1530 889 exponere
1550 841 1726 879 conabor.

925 952 1018 998 Sa.

247 1045 395 1082 Etenim
416 1044 447 1080 si
465 1056 705 1092 quaeramus,
745 1058 794 1082 ex
815 1057 891 1092 quo
915 1044 1018 1080 sonte
1033 1044 1135 1081 rivus
1156 1044 1221 1081 ille
1242 1044 1429 1099 praealtus
1452 1051 1490 1081 et
1512 1044 1667 1082 decursu
1691 1059 1839 1095 surgens

96 1095 184 1130 salis
209 1093 519 1137 facetiarumque,
546 1091 716 1137 jocorum
738 1092 976 1132 urbanitatis,
1001 1091 1146 1138 lepidae
1164 1092 1340 1127 cranonis
1365 1090 1668 1128 conformationis
1691 1100 1729 1128 et
1750 1105 1837 1140 pas-

95 1142 168 1176 sim
183 1139 281 1174 acuti
296 1137 497 1173 verborum
512 1140 614 1172 lusus
627 1150 726 1173 nunc
739 1137 872 1185 rapido
892 1149 989 1172 nunc
1005 1137 1081 1172 leni
1095 1139 1200 1185 lapsu
1243 1149 1285 1172 er
1300 1137 1453 1172 Horatii
1477 1137 1606 1173 satiras
1622 1138 1838 1182 defluxerit3

97 1187 206 1233 hujus
229 1185 285 1220 rei
309 1195 457 1219 causam
480 1184 707 1230 reperiemus
736 1183 878 1231 ingenii
912 1194 1068 1217 acumen
1103 1190 1140 1218 et
1170 1183 1209 1218 hi
1226 1183 1397 1217 aritatem
1427 1183 1589 1229 aliquam
1612 1185 1691 1231 ejus
1713 1185 1838 1219 animo

98 1234 282 1273 innatam,
305 1241 400 1276 quae
423 1229 574 1264 tandem
597 1229 831 1271 educatione,
856 1241 927 1274 qua
951 1241 972 1263 a
995 1234 1179 1276 patreest
1211 1228 1416 1270 institutus,
1441 1234 1479 1263 et
1500 1229 1549 1264 ho
1591 1228 1715 1273 inum,
1751 1230 1838 1276 qui-

98 1279 166 1315 bus
190 1289 283 1326 puer
300 1275 490 1318 utebatur,
515 1275 778 1311 consuetudine
798 1275 837 1311 in
853 1275 1025 1311 festivam
1043 1274 1186 1310 abierat
1201 1274 1444 1322 petulantiam
1458 1280 1495 1310 et
1511 1241 1689 1329 mssnum
1712 1276 1753 1311 in
1774 1276 1837 1322 jo-

97 1325 215 1361 cando
239 1328 426 1358 creaverat
448 1322 636 1368 leporem:
661 1333 732 1368 quo
758 1320 908 1369 quidem
931 1320 1041 1356 rebus
1071 1321 1112 1356 in
1135 1321 1213 1355 vita
1235 1320 1449 1367 quotidiana
1471 1321 1605 1368 ineptis
1627 1334 1671 1356 ac
1692 1322 1836 1358 ridicu-

95 1373 142 1408 lis
165 1382 239 1406 uno
264 1378 439 1414 tanquam
463 1367 658 1401 oculorum
681 1367 812 1403 obtutu
836 1367 1036 1414 conspectis
1061 1366 1261 1408 derisores,
1286 1378 1354 1414 per
1376 1369 1501 1401 lusum
1523 1373 1560 1401 et
1573 1367 1698 1414 jocum
1720 1368 1837 1404 animi

94 1417 343 1457 hilaritatem,
367 1411 416 1449 ad
438 1425 546 1448 suum
569 1413 722 1461 quisque
744 1411 892 1462 pulchri
908 1426 948 1448 ac
972 1412 1098 1448 decori
1120 1425 1287 1456 sensum,
1321 1418 1360 1447 et
1390 1424 1458 1460 pro
1482 1424 1628 1456 rerum,
1662 1426 1755 1462 quae
1777 1413 1836 1450 ri-

97 1465 249 1505 dentur,
274 1460 411 1502 indole,
437 1459 588 1494 vocibus
610 1465 691 1494 tum
716 1460 851 1507 asperis
874 1466 911 1494 et
932 1459 1137 1512 protervis,
1160 1465 1242 1494 tum
1271 1458 1445 1506 gravibus
1474 1465 1511 1495 et
1541 1458 1683 1501 festivis
1706 1459 1835 1509 expri-

97 1516 259 1552 mentes,
285 1506 524 1555 potissimum
548 1504 594 1540 ad
616 1505 823 1555 irridendos
846 1505 1014 1541 hommes
1037 1500 1278 1540 adducuntur.

239 1619 352 1666 Quod
375 1630 465 1654 vero
489 1618 680 1666 inge-nium
703 1617 748 1653 ad
770 1618 862 1653 sales
885 1619 994 1664 atque
1015 1617 1159 1665 lepores
1182 1630 1398 1653 conversum
1422 1618 1520 1665 Ipsa,
1543 1618 1584 1654 in
1607 1630 1679 1665 qua
1693 1618 1834 1666 primos

96 1667 279 1718 pucritiae
302 1676 415 1700 annos
439 1664 538 1711 degit
560 1664 760 1705 Horatius,
792 1663 889 1698 vitae
912 1663 1123 1698 conditione
1145 1670 1293 1698 auctum
1319 1676 1415 1705 esse,
1467 1676 1579 1705 auca,
1593 1674 1596 1675 ’
1611 1676 1704 1711 quae
1754 1673 1836 1699 oeta

100 1714 206 1751 nobis
230 1712 276 1748 de
298 1710 435 1759 puerili
458 1716 575 1745 aetate
599 1710 639 1746 in
664 1709 737 1745 suis
759 1709 866 1745 libris
888 1709 1060 1751 tradidit,
1078 1708 1232 1745 edocent
1247 1716 1357 1756 atque
1373 1722 1441 1745 con
1470 1715 1605 1745 rmant.
1651 1675 1835 1746 Mediocri

97 1762 197 1797 enim
221 1761 302 1794 loco
327 1763 432 1792 natus
449 1757 651 1791 maximam
669 1756 849 1802 pueritiae
866 1762 1009 1802 partem
1026 1755 1202 1801 transegit
1215 1755 1255 1790 iu
1272 1756 1437 1790 Lucania
1456 1755 1596 1802 pascuis
1613 1755 1832 1798 abundante,

97 1807 163 1844 ubi
186 1801 284 1841 festis
307 1803 620 1838 vindemiatorum
645 1802 773 1839 diebus
797 1802 887 1837 tales
900 1802 1122 1836 rusticorum
1140 1800 1406 1848 permanebant
1426 1801 1545 1843 lusus,
1571 1813 1593 1836 a
1639 1801 1744 1839 uibus
1765 1814 1832 1837 ro-

96 1865 210 1891 mana
233 1850 346 1887 satira
369 1849 662 1886 Wachsmuthio
686 1848 899 1893 auctore**)
928 1847 1128 1894 antiquitus
1152 1846 1334 1894 originem
1365 1847 1519 1883 traxisse
1551 1859 1611 1885 cre
1639 1848 1723 1886 itur.
1781 1847 1833 1884 Ut

96 1911 226 1941 antea,
252 1898 302 1933 sic
326 1908 382 1938 en,
407 1908 479 1942 quo
505 1895 654 1930 Flaccus
673 1907 768 1942 puer
787 1894 959 1936 adolevit,
984 1899 1164 1941 tempore,
1186 1894 1298 1928 sacris
1313 1893 1468 1929 deorum
1481 1892 1635 1938 oblatis,
1659 1900 1830 1942 agrestes,

96 1948 161 1996 qui
184 1947 404 1994 plerumque
428 1942 608 1976 solemnia
631 1953 653 1976 a
676 1941 843 1988 patribus
863 1941 1030 1975 instituta
1064 1939 1257 1986 quotannis
1288 1940 1419 1976 iisdem
1442 1939 1574 1976 ritibus
1598 1947 1635 1975 et
1654 1941 1733 1976 sine
1755 1940 1834 1976 ulla

95 1993 302 2030 mutatione
327 1989 514 2024 celebrare
539 1989 675 2029 solent,
701 1986 816 2022 effusa
840 1986 980 2021 laetitia
1004 1986 1162 2032 ingenue
1185 1986 1333 2033 quidem
1356 1994 1393 2022 et
1415 1987 1644 2034 petulanter,
1670 1986 1731 2020 sed
1756 1986 1833 2021 sine

96 2043 151 2076 ira
174 2046 283 2085 atque
304 2034 428 2071 studio
450 2046 636 2069 sermones
658 2033 864 2070 inconditos
888 2039 925 2068 et
947 2032 993 2067 ab
1013 2031 1125 2067 hilari
1148 2044 1190 2067 ac
1213 2033 1332 2069 soluto
1347 2032 1472 2069 animo
1488 2030 1673 2078 profectos
1692 2030 1832 2077 jecisse,

136 2198 160 2232 ⁸)
182 2198 213 2225 ln
234 2196 440 2224 dissertatione
462 2196 498 2222 dn
519 2194 635 2223 Satirae
655 2197 744 2231 atque
762 2192 918 2230 Epistulae
935 2191 1119 2221 Ueratianae
1132 2211 1140 2223 .
1172 2189 1224 2217 ubi
1245 2189 1282 2217 de
1301 2188 1400 2218 titulis
1421 2189 1574 2228 utriusque
1590 2189 1688 2227 operis
1709 2193 1739 2219 et
1756 2194 1831 2230 tem,-

250 2244 333 2272 pore,
360 2245 417 2272 quo
445 2245 480 2262 ex
495 2232 627 2268 Bentleji
648 2231 871 2270 computatione
891 2231 1033 2270 seriptum
1053 2231 1109 2265 sit,
1131 2229 1238 2268 agitur.
1279 2227 1348 2258 Vid·
1369 2230 1439 2259 Not.
1460 2238 1492 2267 p.
1517 2238 1530 2258 ι
1552 2233 1585 2259 et
1606 2237 1633 2258 2.

130 2313 176 2350 ⁶³)
197 2311 294 2341 Ueber
315 2311 363 2339 die
384 2313 457 2339 ro'm.
480 2311 588 2341 Satire.
629 2308 816 2338 Athenaeum
832 2308 888 2340 Bd,
907 2316 934 2335 ι.
951 2305 1015 2336 Hst.
1039 2316 1065 2335 2.
