1960 2683
961 56 1015 97 10

103 174 241 222 quippe
264 173 328 220 qui
354 186 426 209 non
449 182 596 221 gentem
619 185 829 218 romanam,
855 173 917 209 sed
934 173 1175 209 barbarorum
1195 173 1350 220 ineptias
1372 182 1482 223 atque
1505 187 1646 211 errores
1669 176 1761 211 risui
1785 187 1854 212 ex-

104 232 265 268 ponere,
291 221 352 254 vel
376 220 505 254 saltem
529 231 666 268 nugas,
701 232 794 269 quae
824 232 960 268 parum
982 220 1214 268 singulorum
1239 219 1380 255 animos
1404 228 1514 268 atque
1537 233 1680 258 amores
1705 233 1852 270 punge-

105 273 211 309 rent,
237 265 335 302 dulci
357 264 576 302 urbanitatis
600 267 728 315 lepore
750 273 927 314 tanquam
951 268 1026 301 sale
1049 277 1286 314 perspengere
1300 271 1336 301 et
1359 267 1554 304 veritatem
1580 268 1663 304 fuco
1688 267 1849 315 quodam

105 311 239 349 fallace
261 311 401 347 illinire
423 312 563 358 potuit:
594 312 652 348 his
676 325 718 349 re
740 325 831 348 vera
853 312 994 347 artibus
1017 318 1126 359 poeta
1148 311 1343 354 effecisset,
1375 317 1417 346 ut
1439 313 1569 349 eadem
1582 339 1592 357 ,
1617 326 1688 361 qua
1712 312 1852 350 Lucilii

105 358 273 394 carmina
296 356 391 392 dura
415 363 524 405 atque
548 370 700 408 aspera,
733 359 809 395 imo
841 369 946 439 saepe
970 357 1235 394 contumeliosa
1258 366 1296 393 et
1319 358 1490 405 procacia
1519 359 1586 396 illo
1619 366 1788 408 tempore
1811 359 1852 396 in

106 416 236 441 manus
258 403 473 446 sumebant,
499 405 615 450 (nam
639 405 802 441 defuncti
824 404 893 440 irri
920 404 1107 451 ebantur),
1129 404 1373 440 oblectatione
1396 404 1508 439 etiam
1525 406 1748 441 Horatianas
1762 418 1853 453 per-

107 451 308 486 volvissent
329 450 480 494 satiras3
505 452 650 505 ineptus
667 450 766 485 enim
788 450 941 497 quisque
958 462 1066 486 suam
1077 458 1191 499 'aegre
1207 449 1281 485 fert
1297 449 1603 532 objurgationem,
1628 451 1749 487 aliena
1762 464 1854 499 gau-

105 496 179 532 det.
228 496 283 532 At
304 501 449 531 tantum
472 495 603 539 abfuit,
627 502 669 532 ut
690 496 865 544 populari
888 508 978 531 aura
1001 508 1025 531 a
1047 503 1139 532 vero
1162 502 1199 532 et
1221 496 1371 532 honesto
1387 508 1408 531 a
1435 496 1643 540 duceretur,
1666 503 1710 532 ut
1724 497 1850 533 Sat.-1.

104 542 149 586 43
179 555 221 578 10
246 549 284 578 et
306 542 363 584 11,
392 554 407 577 1
433 554 546 590 genus
568 555 676 578 suum
698 543 828 578 satiras
844 541 1030 577 scribendi
1052 542 1284 583 defenderet,
1310 548 1347 576 et
1363 542 1559 589 professus,
1585 543 1717 584 salem,
1742 554 1854 595 quem

106 589 306 635 adspersit,
331 599 406 622 non
430 589 591 634 nigrum,
617 587 679 622 sed
700 598 791 622 vere
812 587 1005 622 satiricum
1029 599 1127 630 esse,
1151 598 1260 633 seque
1276 599 1352 622 non
1383 587 1593 622 mordacem
1616 587 1758 623 nemim
1780 599 1853 623 no*-

106 645 212 676 cere,
251 634 509 669 Romanorum
534 633 805 680 impatientiam
829 632 877 668 ad
900 632 1081 668 leviorem
1105 632 1288 681 quandam
1312 633 1634 687 reprehensionem
1657 632 1854 681 perferen-

106 680 195 714 dam
224 679 438 725 castigaret,
462 678 615 714 laudans
638 679 828 726 majorum
852 679 1138 726 ingenuitatem,
1167 679 1231 726 qui
1254 685 1387 714 mentis
1409 679 1627 727 integritatis
1649 679 1730 725 ,sibi
1761 690 1854 714 con-

103 725 172 760 scii
195 736 281 760 cum
291 723 439 760 Lucilio
463 724 627 760 derisore
650 724 812 760 riserunt
828 732 866 760 et
880 724 972 761 vitia
993 725 1158 760 carmine
1178 728 1304 760 notata
1325 724 1429 761 taciti
1449 731 1662 773 posuerunt.
1710 724 1853 761 Idcirco

105 771 197 807 forti
221 777 259 807 et
281 776 470 807 constante
492 771 616 807 animo
639 770 738 808 hunc
762 777 886 807 vatem
908 772 948 808 in
974 771 1054 815 via,
1078 783 1188 819 quam
1210 771 1391 819 ingressus
1414 778 1506 815 erat,
1530 771 1730 820 procedere
1754 780 1791 807 et
1811 771 1853 807 in

106 818 216 865 ipsis,
257 829 351 864 quae
379 829 454 853 non
491 826 604 864 aeque
633 829 677 853 ac
698 818 834 853 satirae
864 817 966 853 vitiis
988 817 1214 864 corrigendis
1236 817 1492 860 continentur,
1516 818 1741 853 carminibus
1765 829 1851 852 cum

104 863 314 916 praecipuis
324 887 335 904 ,
359 874 453 908 quae
466 869 590 910 gentes
606 862 646 897 in
661 862 867 910 perniciem
882 862 1077 897 detrudere
1090 863 1220 905 solent,
1244 861 1353 897 malis
1367 862 1500 898 luctari
1513 862 1693 899 videmus.
1736 862 1849 899 Haud

105 908 293 947 dissimilis
317 908 457 944 lascivo
479 914 518 944 et
541 908 723 955 petulanti
746 910 900 951 colono,
933 908 997 955 qui
1027 908 1189 944 incomto
1222 920 1393 944 sermone
1423 909 1532 956 genio
1554 922 1622 945 suo
1645 909 1852 957 indulgens,

106 956 270 1003 quisquis
284 955 320 989 ei
340 955 490 989 obviam
516 954 577 997 fit,
603 962 671 1008 per
685 955 816 990 ludum
833 961 870 990 et
884 955 1010 1002 jocum
1033 954 1179 1002 placide
1202 959 1336 997 vexat,
1362 954 1539 990 Horatius
1564 967 1612 991 ex
1634 966 1763 991 rerum
1786 967 1851 990 co·-

104 1003 188 1050 pia,
213 1012 324 1048 quam
350 1000 504 1035 consilio
528 1007 636 1036 cerus
661 1000 880 1047 quibusdam
903 1007 941 1036 et
964 1000 1185 1036 arctioribus
1209 1000 1747 1047 circumscripseratterminis,
1781 1011 1850 1036 ex-

104 1055 164 1083 tra
185 1059 276 1094 quos
299 1046 425 1093 egredi
447 1047 519 1081 sibi
541 1058 617 1081 non
641 1046 788 1088 licebat,
812 1046 947 1086 vitium
971 1046 1213 1092 quodcunque
1236 1057 1258 1080 a
1281 1046 1463 1092 perversis
1483 1046 1740 1082 Romanorum
1764 1046 1861 1082 ani--

104 1094 177 1129 mis
199 1091 409 1140 profectum
431 1092 620 1139 seligebat,
645 1094 820 1127 selectum
844 1092 978 1128 mentis
1001 1092 1143 1127 lumine
1167 1091 1390 1134 illustrabat,
1415 1091 1476 1127 sed
1525 1104 1592 1128 uae
1618 1092 1751 1127 sensim
1775 1092 1849 1127 hu-

103 1141 163 1187 jus
187 1137 506 1184 contemplationis
531 1138 613 1173 luce
635 1149 786 1181 manca,
809 1150 902 1185 quae
925 1150 1043 1186 prava
1065 1137 1274 1180 elucebant,
1299 1137 1422 1184 lepida
1452 1144 1490 1173 et
1529 1139 1644 1175 estiva
1670 1137 1849 1179 oratione,

105 1185 228 1220 verbis
251 1183 445 1230 exquisitis
469 1189 506 1218 et
529 1183 657 1218 multis
681 1184 868 1220 sententiis
892 1189 1023 1219 ornata
1045 1183 1306 1232 exprimendo,
1339 1184 1509 1230 quamvis
1531 1190 1629 1219 totus
1652 1183 1790 1221 inillis
1814 1188 1852 1217 et

103 1230 241 1267 eximia
265 1229 540 1276 imaginationis
564 1235 671 1275 atque
694 1229 832 1277 leporis
853 1230 893 1267 vi
916 1229 1121 1279 praeditus,
1145 1236 1268 1266 tamen
1283 1229 1430 1278 pulchri
1445 1239 1481 1266 et
1498 1230 1623 1266 decori
1637 1242 1745 1266 sensu
1760 1229 1851 1265 duce

66 1292 71 1296 -
103 1277 259 1313 modum
285 1288 360 1311 non
383 1287 548 1323 unquam
571 1275 732 1311 excessit.

929 1387 962 1434 ς,
988 1387 1022 1423 5.

244 1460 372 1507 Itaque
395 1471 444 1495 ex
465 1459 535 1495 hac
557 1471 686 1495 rerum
709 1458 898 1508 farragine
914 1459 950 1503 *)
981 1459 1021 1495 in
1053 1458 1219 1507 quolibet
1242 1457 1280 1494 id
1304 1469 1416 1507 genus
1441 1457 1605 1495 carmine
1627 1458 1738 1501 modo
1762 1459 1857 1495 lon-¹

101 1509 222 1558 giores
236 1533 247 1550 ‚
280 1506 393 1542 modo
415 1506 606 1542 breviores
630 1515 760 1541 enatae
782 1512 866 1541 sunt
886 1505 1150 1541 sententiarum
1175 1505 1306 1548 series,
1344 1517 1438 1552 quae
1462 1506 1586 1554 primo
1609 1505 1758 1552 quidem
1782 1506 1850 1541 ad-

101 1561 227 1602 spectu
251 1553 322 1588 nisi
345 1565 429 1588 casu
453 1561 490 1587 et
513 1552 668 1587 fortuito
691 1564 768 1586 sese
790 1551 964 1598 excipere
986 1564 1062 1586 non
1084 1551 1276 1586 videntur:
1307 1551 1365 1586 sin
1397 1558 1520 1586 autem
1544 1562 1625 1586 rem
1648 1550 1694 1586 ad
1717 1551 1849 1586 vivum

101 1598 316 1641 resecueris,
341 1598 478 1645 ubique
501 1598 722 1633 sententiam
744 1597 982 1652 primariam,
1006 1609 1099 1644 quae
1123 1596 1347 1645 deprehenso
1373 1597 1463 1632 vitio
1488 1597 1613 1644 aliquo
1636 1598 1698 1633 vel
1721 1608 1848 1633 errore

102 1655 229 1683 mente
251 1654 428 1692 concepta
450 1650 524 1686 est,
556 1644 669 1679 totius
690 1654 823 1680 satirae
846 1655 1030 1679 summam
1053 1656 1129 1679 esse
1152 1653 1189 1678 et
1212 1655 1297 1679 cum
1322 1643 1474 1691 singulis
1495 1645 1569 1680 suis
1596 1643 1759 1690 partibus
1782 1657 1848 1678 co-

102 1695 257 1729 haerere
287 1702 364 1725 non
386 1690 548 1736 negabis.
596 1691 795 1726 Pervoluta
816 1690 937 1733 enim,
961 1698 1007 1734 ut
1025 1690 1240 1737 exemplum
1265 1701 1471 1737 supponam
1484 1715 1497 1732 ,
1532 1690 1643 1725 satira
1672 1698 1774 1724 sexta
1797 1689 1848 1724 li·-

102 1739 162 1775 bri
185 1735 336 1772 secundi
369 1742 520 1784 poetam
555 1735 696 1772 videbis
726 1735 832 1772 dulci·
860 1734 1046 1772 fruentem
1069 1736 1145 1772 otio
1170 1735 1210 1771 in
1235 1737 1355 1784 agello
1379 1746 1446 1772 suo
1469 1735 1606 1771 Sabino
1629 1741 1667 1771 et
1691 1736 1842 1777 laetum,

157 1863 192 1901 ¹¹)
213 1862 301 1892 Not.
340 1860 369 1889 A
389 1869 487 1889 rerum
507 1860 672 1898 farragine,
699 1869 758 1899 qun
777 1859 835 1889 hoc
855 1868 947 1897 genus
966 1859 1127 1889 carminum
1147 1858 1337 1892 continetur,
1357 1857 1419 1887 illis
1440 1859 1561 1889 satirae
1580 1868 1690 1890 nomen
1709 1864 1778 1898 apte
1792 1859 1847 1890 da-

257 1906 322 1929 tum
341 1904 395 1928 est.
443 1901 498 1929 Est
517 1899 596 1928 enim
616 1905 744 1934 satura,
771 1898 847 1928 lanx
867 1898 893 1927 si
913 1898 1068 1934 reticetur,
1083 1908 1175 1937 genus
1193 1897 1342 1943 quoddam
1362 1899 1528 1936 paropsidis
1547 1899 1637 1929 variis
1657 1899 1793 1937 frugibus
1813 1905 1848 1928 ac

254 1938 353 1977 pomis
368 1937 506 1972 refertae,
526 1947 603 1976 quae
621 1938 710 1967 sacris
722 1938 841 1968 Cereris
859 1942 893 1966 et
912 1937 1020 1966 Bacchi
1039 1943 1180 1976 tanquam
1200 1942 1293 1966 totius
1309 1936 1381 1964 anni
1400 1937 1552 1975 primitiae
1570 1938 1761 1972 offerebatur,
1781 1942 1812 1965 et
1830 1946 1849 1965 ι
1905 1951 1909 1956 -

255 1986 356 2007 rerum
377 1977 462 2014 copia
483 1982 513 2004 et
531 1977 689 2005 saturitate
709 1977 871 2006 vocabatur
897 1976 1073 2014 simpliciter
1099 1982 1222 2008 satura,
1282 1974 1360 2011 Con,
1379 1976 1465 2015 Virg.
1486 1977 1599 2015 Georg.
1619 1978 1656 2012 11,
1679 1975 1848 2015 593-594.

255 2018 362 2054 Itaque
381 2024 498 2044 carmen
518 2020 565 2044 est
584 2015 659 2046 varii
680 2015 855 2054 argumenti,
874 2014 1030 2044 immutata
1048 2015 1147 2051 litera,
1167 2015 1269 2044 satira
1289 2025 1344 2052 pro
1363 2020 1485 2050 satum,
1506 2022 1540 2044 ut
1560 2016 1696 2052 optimus
1716 2024 1771 2052 pro
1793 2023 1846 2051 op-

253 2061 358 2085 tumus
379 2060 435 2085 otc.
457 2055 647 2091 appellatum.
686 2055 763 2084 Sunt
781 2055 882 2090 etiam,
903 2054 954 2093 qui
976 2064 1079 2083 vocem
1093 2054 1154 2090 lex,
1173 2054 1236 2092 (uti
1257 2052 1340 2093 leges
1356 2063 1415 2091 per
1427 2059 1570 2083 saturam
1579 2052 1666 2091 ferri
1681 2051 1847 2089 dicuntur)

253 2100 307 2123 aut
327 2103 376 2122 res
398 2093 526 2128 intelligi
544 2092 736 2126 contendam,
774 2096 889 2123 Festus.
906 2092 1027 2121 satiram
1047 2098 1133 2121 vocat
1148 2102 1240 2130 genua
1257 2091 1410 2126 carminis,
1429 2092 1482 2119 ubi
1502 2091 1540 2120 de
1554 2091 1766 2119 multizsebu·
1781 2090 1847 2119 dis-

253 2137 394 2170 putatum
417 2131 599 2159 scholiastes
619 2132 726 2160 Horat.
747 2132 809 2161 Sat.
826 2132 847 2167 1,
870 2141 882 2159 1
905 2140 1015 2160 nomen
1035 2130 1150 2159 derivat
1170 2131 1207 2158 ab
1229 2130 1321 2158 ebriis
1341 2129 1527 2157 hominibus:
1546 2127 1619 2159 Alii
1638 2138 1769 2162 rursum,
1791 2129 1844 2162 nit,

255 2170 382 2207 (satirae
402 2179 510 2203 nomen
531 2170 705 2206 imponunt,
714 2169 734 2203 )
754 2171 836 2207 quod
854 2170 902 2197 ita
920 2170 1059 2198 convitia
1080 2174 1112 2197 et
1132 2168 1263 2197 crimino
1281 2167 1435 2196 hominum
1454 2166 1548 2194 libere
1567 2166 1714 2202 invadat,
1735 2173 1771 2196 ut
1790 2177 1846 2196 sa-

256 2208 332 2240 turi,
353 2209 374 2238 i.
395 2218 421 2239 e,
443 2207 519 2236 ebrii
547 2207 647 2236 solent
674 2207 810 2236 homines·
836 2208 974 2236 dicteriis
996 2213 1055 2236 aut
1074 2205 1267 2235 contumeliis
1284 2205 1416 2242 afficere.
1464 2205 1513 2238 Cf.
1536 2204 1640 2235 Isidor.
1661 2205 1734 2244 orig.
1775 2206 1845 2238 Vid.

255 2244 471 2277 Waehsmuthii
491 2246 639 2277 Athenaei
660 2246 730 2277 Vol.
751 2247 773 2282 1,
793 2246 866 2279 [asc.
888 2247 925 2276 11.
946 2246 1021 2276 iiber
1041 2246 1090 2275 die
1110 2248 1187 2276 rom.
1208 2244 1315 2275 Satire-
1694 2268 1705 2271 ,
