1960 2683
937 119 996 163 17

97 252 179 295 post
206 241 349 280 ‘onendo
383 241 527 278 nultum
557 241 667 278 habet
700 240 881 285 amicum,
910 239 1046 286 carpit:
1085 236 1231 285 Infelix
1248 249 1403 287 operam
1413 236 1579 287 perdas,
1623 244 1664 273 ut
1688 236 1722 273 .ςὶ
1751 238 1837 287 quie

99 305 163 328 ase
196 303 262 328 um
285 289 334 324 In
362 301 493 337 campo
519 287 652 324 doceat
672 291 873 335 parentem
896 296 1047 320 currere
1055 283 1232 332 fraenis!
1255 291 1291 320 et
1313 285 1385 321 Sat.
1407 297 1438 328 ι,
1457 295 1491 331 9,
1513 295 1579 319 20:
1604 284 1721 320 simili
1749 290 1837 319 usus

95 345 149 373 est
173 335 352 381 imagine,
385 340 426 369 ut
455 334 749 382 indignationem
771 333 1016 378 exprimeret,
1050 343 1144 377 qua,
1202 342 1291 365 uum
1320 331 1431 366 homo
1454 333 1523 366 iste
1546 333 1743 371 molestus,
1769 330 1834 375 qui

93 381 295 418 Horatium
310 380 469 415 invitum
491 378 793 427 prosequebatur,
816 376 1038 411 affirmaret:
1062 376 1120 411 nil
1137 376 1190 410 Ιια
1215 388 1256 410 eo
1263 401 1279 417 ,
1303 376 1403 423 quod
1425 389 1562 424 agam,
1590 382 1627 411 et
1648 389 1723 412 non
1747 387 1833 410 sum

91 428 216 481 piger,
241 439 356 481 usque
378 438 516 480 sequar
539 431 590 468 te,
611 435 781 460 aecensus
805 429 874 458 est.
917 422 1036 458 Addit
1057 422 1158 457 enim
1182 421 1365 457 locutione
1388 428 1464 458 tam
1488 424 1666 469 elegante,
1692 428 1734 458 ut
1760 421 1829 456 de-

91 485 244 508 mlssunl
268 485 345 518 ejus
368 484 535 507 animum
565 473 577 505 i
607 484 644 505 so
678 471 880 504 verborum
904 481 994 504 sono
1017 469 1206 515 percipere
1229 467 1375 502 credas:
1422 468 1591 504 Demitto
1616 468 1831 509 auriculas,

91 525 136 555 ut
157 517 311 567 iniquae
334 518 468 554 mentis
492 516 574 552 asel
589 529 655 558 ue,
684 515 782 551 Cum
801 515 965 564 gravius
988 513 1097 549 dorso
1122 513 1242 548 subiit
1262 525 1366 547 onus.
1422 513 1514 559 Quis
1539 521 1592 549 est
1624 515 1735 558 enim,
1762 514 1830 560 qui

89 578 166 601 non
188 565 312 600 ridens
333 564 534 600 Horatium
557 575 604 599 ex
627 563 696 598 hac
720 562 839 615 iniqui
861 560 965 596 aselli
988 560 1149 608 imagine
1166 559 1236 595 sibi
1259 558 1372 606 fingat
1394 561 1510 607 capite
1534 561 1571 595 in
1597 567 1734 596 terram
1758 561 1834 595 de-

89 611 177 654 fixo,
201 611 278 646 imo
301 611 455 651 timore,
490 621 537 644 ne
560 609 709 655 ineptiis
731 608 835 643 istius
857 607 999 655 garruli
1021 606 1291 648 succumberet,
1324 605 1432 640 dorso
1456 607 1649 653 paululum
1672 613 1828 643 curvato

89 663 270 705 torvoque
290 657 398 692 vultu
421 656 461 691 in
483 654 547 690 via
568 666 672 690 sacra
692 653 938 690 incedentem.

227 741 372 785 Pariter
396 746 522 787 aptum
544 738 711 775 laudabis
734 737 844 775 facile
866 738 961 774 illud
974 745 1011 774 et
1024 739 1186 774 sermoni
1210 737 1425 786 quotidiano
1447 738 1567 774 simile
1590 740 1732 775 dicendi
1757 752 1828 787 ge-

87 800 172 828 nus,
206 798 278 831 quo
312 787 352 820 in
382 786 440 821 his
465 786 583 821 satiris
606 798 690 820 usus
710 792 785 828 est,
818 786 878 820 cui
900 785 1036 832 passim
1059 786 1216 819 rusticae
1240 797 1384 830 quoque
1407 791 1445 819 et
1468 797 1614 831 asperae
1637 786 1826 820 admixtae

86 832 261 878 leguntur
284 833 499 873 locutiones,
524 843 615 878 quae
631 832 690 867 vel
713 831 864 867 vocibus
887 831 1122 866 continentur
1143 836 1296 878 propter
1311 843 1382 872 res,
1407 843 1492 877 quas
1509 837 1652 873 notant,
1675 831 1825 865 obscoe-

87 878 164 920 nis,
188 884 247 912 ut:
281 890 441 916 cunnus,
474 877 634 935 inguen,
665 877 812 920 clunes,
846 883 974 918 nates,
1007 876 1163 912 merdae
1178 896 1224 903 —
1255 889 1409 920 cacare,
1450 876 1645 925 mingere,
1670 876 1822 925 pedere,

86 923 240 971 fatuare
257 932 293 959 et
306 923 388 967 alia,
413 922 488 969 (Cf.
514 926 588 959 bat.
614 923 645 967 Ι,
668 921 703 966 4,
726 923 785 958 42.
809 923 858 965 II,
884 922 919 965 6,
948 924 1022 968 17.)
1046 924 1106 957 vel
1130 935 1195 958 usu
1221 922 1499 969 quodamtnovo
1519 930 1625 970 atque
1648 923 1822 958 inusitato

88 970 135 1005 ad
166 982 224 1005 res
247 969 476 1012 referuntur,
502 969 633 1016 quibus
655 969 796 1005 urbana
819 969 990 1016 loquendi
1015 968 1275 1005 consuetudine
1297 970 1411 1016 vulgo
1432 981 1506 1004 non
1530 969 1744 1017 junguntur,
1771 969 1822 1003 sic

85 1016 264 1051 Horatius
286 1014 453 1051 adhibuit
470 1015 646 1051 verbumz
670 1014 915 1051 recalcitrare
935 1015 980 1049 de
997 1015 1165 1061 Augusto
1190 1026 1348 1049 moroso.
1396 1015 1474 1050 Sat.
1496 1016 1544 1050 II.
1566 1028 1601 1056 1,
1617 1026 1681 1059 203
1707 1015 1821 1049 ehar-

87 1063 136 1097 tis
160 1061 305 1097 illinire
327 1074 412 1108 pro:
444 1060 610 1103 scribere
631 1060 678 1096 de
699 1061 837 1104 satiris,
870 1073 957 1107 quas
982 1061 1060 1108 ipse
1083 1059 1189 1103 fecit3
1222 1067 1418 1096 emunctae
1441 1061 1548 1096 naris
1573 1062 1645 1095 Sat.
1675 1074 1711 1103 i,
1737 1060 1772 1100 4,
1798 1061 1821 1094 8

87 1108 131 1142 de
155 1108 318 1142 acutiore
341 1107 479 1143 Lucilii
512 1107 681 1155 ingenio,
719 1118 792 1154 quo
815 1106 999 1141 subtiliter
1021 1118 1079 1141 res
1102 1106 1310 1152 judicabat3
1343 1112 1457 1154 caput
1480 1106 1632 1142 scabere
1656 1113 1691 1140 et
1719 1105 1821 1140 viros

88 1152 222 1189 rodere
246 1166 297 1189 un
327 1166 390 1188 ues
419 1153 493 1188 Sat.
520 1153 554 1194 I,
580 1164 635 1197 10,
668 1165 715 1199 7>
745 1151 792 1188 de
820 1152 951 1188 eodem
982 1152 1180 1187 satirarum
1216 1152 1414 1206 scriptore,
1463 1152 1493 1187 si
1523 1153 1674 1188 Horatii
1703 1157 1823 1186 aetate

86 1200 256 1242 vixisset,
275 1199 288 1233 i
315 1210 358 1234 eo
384 1211 430 1234 ue
448 1199 591 1244 majore
605 1205 685 1234 arte
699 1211 824 1233 versus
841 1210 1061 1245 componere
1085 1204 1226 1233 coactus
1246 1197 1391 1242 fu1sset3
1414 1198 1540 1234 c'imex
1553 1199 1690 1234 ibidem
1708 1211 1744 1232 v·
1763 1198 1820 1243 78.

86 1245 131 1281 de
154 1244 314 1280 Pantilio
337 1257 359 1279 a
387 1245 566 1287 versario,
617 1244 657 1280 ui
680 1244 793 1280 nimis
813 1244 971 1280 mordax
993 1244 1121 1279 satiras
1146 1244 1367 1279 Horatianas
1390 1245 1645 1292 perstrinxisse
1660 1244 1821 1279 videtur.

85 1291 186 1338 Quas
212 1303 326 1338 quum
350 1291 572 1332 locutiones,
593 1256 694 1327 tlicet
721 1290 922 1338 pudicitiae
945 1302 1210 1337 nonnunquam
1233 1290 1529 1338 intempestivae,
1567 1298 1689 1326 tamen
1714 1290 1821 1326 rebus

85 1337 335 1385 exprimendis
359 1337 495 1384 ubique
523 1337 779 1374 convenientes
802 1337 970 1372 oratione
991 1337 1143 1371 insertas
1168 1348 1243 1371 esse
1266 1337 1394 1384 negari
1417 1344 1584 1384 nequeat,
1610 1344 1646 1372 et
1670 1338 1820 1371 omnino

82 1384 286 1419 Horatium
309 1383 373 1418 has
398 1395 504 1418 voces
528 1383 576 1418 ab
597 1383 713 1419 animi
737 1382 991 1426 benevolentia
1033 1392 1070 1417 et
1100 1383 1259 1418 candore
1288 1382 1471 1430 profectas
1494 1393 1671 1430 tanquam
1700 1383 1819 1430 placi-

84 1431 131 1464 do
155 1436 192 1464 et
212 1430 325 1464 hilari
348 1430 455 1464 vultu
478 1429 603 1474 jecisse
622 1441 674 1463 ex
696 1429 775 1476 ipso
803 1429 955 1464 illarum
973 1441 1060 1462 sono
1085 1438 1120 1462 et
1144 1429 1264 1462 omnis
1288 1428 1465 1463 orationis
1489 1436 1617 1464 tenore
1641 1426 1820 1474 eonji'eia-

81 1482 162 1511 tur:
186 1487 228 1510 re
251 1486 340 1510 vera
364 1474 435 1510 nisi
458 1474 550 1511 falsa
573 1474 935 1523 interpretationeset
958 1474 1142 1509 calumnia
1167 1474 1363 1510 lectoribus
1388 1473 1627 1512 offensionem
1643 1474 1818 1523 ‘aliquam

82 1521 217 1557 offerre
247 1534 323 1556 non
351 1528 524 1569 possunt,
569 1533 661 1568 quae
685 1520 834 1568 quidem
865 1533 923 1556 res
945 1521 1060 1556 bilem
1082 1518 1283 1557 commovit
1306 1521 1502 1557 hominum
1523 1522 1654 1557 Flacco
1677 1533 1817 1567 aequa-

81 1568 197 1609 lium,
231 1568 367 1620 quippe
399 1568 463 1614 qui
493 1567 635 1602 invidia
658 1573 695 1602 et
717 1567 920 1602 ambitione
949 1566 1143 1613 compulsi,
1167 1573 1208 1601 ut
1229 1567 1525 1603 adversariorum
1549 1568 1817 1602 obtrectatione

81 1613 153 1661 ipsi
174 1613 216 1648 in
238 1615 410 1648 altiorem
434 1613 670 1649 ascenderent
691 1613 834 1655 locum,
863 1613 952 1648 vitia
976 1613 1135 1648 aliorum
1159 1613 1320 1660 maligne
1343 1612 1569 1649 deridebant.
1617 1611 1718 1659 Quid
1740 1612 1815 1660 igi-

81 1666 143 1696 tur
164 1659 326 1701 mirum,
346 1659 378 1695 si
400 1659 533 1707 lepidis
555 1660 648 1702 illis,
680 1660 743 1694 sed
767 1659 912 1694 satirico
935 1659 1010 1694 sale
1029 1660 1231 1707 conspersis
1247 1660 1489 1702 sermonibus,
1513 1673 1603 1707 quos
1619 1661 1817 1695 satirarum

80 1706 191 1741 titulo
221 1706 398 1741 Horatius
432 1705 587 1741 edidisse
615 1705 781 1747 videtur,
815 1706 861 1739 ab
892 1706 963 1740 hoc
986 1712 1094 1751 poeta
1117 1706 1255 1752 probra
1279 1716 1315 1740 et
1338 1707 1535 1743 maledicta
1558 1707 1598 1742 in
1622 1719 1659 1741 se
1683 1707 1817 1740 collata

81 1753 179 1788 cives
194 1751 304 1787 illius
325 1752 409 1787 aevi
433 1752 720 1800 suspicarentur,
745 1763 969 1798 quamquam
992 1752 1217 1798 ingenuitate
1239 1752 1398 1799 quadam
1421 1753 1501 1789 sine
1524 1753 1581 1789 ira
1606 1762 1711 1800 atque
1737 1759 1817 1787 stu-

81 1799 143 1834 dio
167 1798 358 1834 hominem
380 1799 420 1834 in
444 1798 569 1840 vario,
601 1810 716 1845 eoque
745 1799 843 1833 miro
868 1799 963 1833 vitae
985 1808 1079 1833 statu
1102 1805 1377 1845 repraesentare
1397 1799 1438 1835 in
1462 1800 1631 1836 animum
1655 1799 1814 1835 induxe-

77 1852 155 1886 rat,
188 1851 231 1879 ut
253 1845 327 1879 Sat.
353 1844 390 1886 I,
417 1855 439 1891 9
464 1851 499 1880 et
523 1845 579 1887 II,
603 1843 624 1879 6
650 1845 710 1879 vel
731 1844 805 1879 Sat.
827 1845 867 1888 l,
910 1857 946 1884 ι,
967 1844 1004 1879 in
1027 1857 1098 1891 quo
1123 1845 1286 1882 carmine
1314 1845 1407 1891 juris
1431 1848 1629 1892 legumque
1652 1845 1814 1892 peritum

78 1890 184 1927 nobis
202 1890 380 1970 proponit
401 1891 520 1927 multo
543 1890 671 1926 labore
693 1896 890 1933 vexatum,
915 1890 993 1926 Sub
1013 1890 1117 1940 galli
1141 1896 1292 1926 ccmtum
1316 1888 1505 1928 consultor
1523 1892 1589 1929 ubi
1605 1892 1701 1928 ostia
1718 1891 1816 1937 pal-

78 1943 150 1972 sat.
228 1941 263 1970 ta
286 1935 359 1970 Sat.
388 1948 427 1978 1,
461 1947 481 1971 2
516 1937 712 1972 moechum
743 1937 1006 1984 conspicimus,
1037 1937 1112 1980 cui,
1145 1949 1260 1982 quum
1284 1938 1439 1973 maritus
1470 1952 1559 1974 rure
1587 1939 1816 1981 recurrisset,

77 1984 190 2031 janua
212 1980 350 2026 fracta,
375 1981 465 2017 dum
488 1983 587 2017 canis
609 1983 721 2018 latrat
745 1989 782 2018 et
805 1983 966 2030 undique
989 1995 1123 2031 magno
1148 1983 1277 2018 domus
1301 1984 1457 2032 strepitu
1479 1991 1636 2028 resonat,

411 2046 611 2098 Discincta
634 2048 764 2084 tunica
780 2046 1012 2097 fugiendum
1038 2055 1091 2084 est
1114 2061 1161 2085 ac
1180 2049 1279 2098 pede
1302 2049 1416 2086 nudo.
1466 2062 1502 2085 v,
1533 2049 1612 2086 132.

77 2113 286 2162 A‘liquoties
308 2112 475 2149 homines
500 2122 536 2148 et
559 2113 714 2160 ingeniis
738 2122 774 2147 et
797 2113 963 2149 moribus
987 2114 1137 2161 ipsaque
1155 2113 1294 2149 civium
1310 2127 1459 2151 suorum
1475 2115 1727 2151 aestimatione
1745 2115 1810 2152 di-

76 2161 302 2196 versissimos
326 2160 497 2195 audacius
521 2159 566 2194 ab
588 2159 658 2194 hoc
679 2168 788 2206 poeta
803 2160 1030 2206 ‘compositos
1055 2171 1130 2193 esse
1152 2159 1370 2195 invenimus.
1419 2162 1589 2207 Namque
1605 2161 1656 2197 ita
1670 2162 1727 2197 vis
1744 2173 1812 2198 co-

76 2205 173 2242 mica
196 2207 368 2242 nascitur.
415 2207 475 2242 Sic
498 2206 572 2241 Sat.
599 2205 648 2249 11,
663 2207 711 2249 «ι,
730 2203 859 2240 24-26
883 2205 1075 2241 Millonius
1100 2217 1244 2249 scurra,
1270 2206 1332 2252 qui
1356 2207 1464 2243 saltat
1487 2207 1630 2243 ebrius:

506 2295 513 2298 »
570 2309 576 2315 ,
628 2310 636 2315 ‚
1094 2277 1135 2306 ut
1157 2270 1274 2306 semel
1296 2271 1369 2307 icto

424 2313 591 2354 Λυσι-3311
605 2322 742 2370 servor
766 2314 901 2367 capiti,
934 2330 1183 2366 numerusque
1207 2318 1371 2354 lucernis.-

1222 2372 1249 2411 3
