1960 2683
979 68 1009 110 6

264 186 393 234 Quum
417 187 533 234 igitur
554 184 736 229 homines,
762 185 893 233 quibus
913 177 1105 229 HoFatius,
1122 197 1237 234 quum
1254 186 1491 228 adolesceret.
1515 170 1753 231 familiariter
1777 196 1861 225 ute-

120 231 250 276 batur,
296 240 333 269 et
371 234 434 280 qui
466 231 630 280 proximi
666 232 845 268 vivebant
875 232 1035 268 Venusii
1074 233 1191 268 vitam
1230 232 1394 280 degenti,
1443 234 1585 270 civium
1611 235 1862 282 plurimorum

120 277 211 314 tunc*
235 280 274 314 in
297 280 390 313 urbe
415 278 622 313 viventium
645 279 800 325 vestigia
822 290 897 313 non
921 284 1248 325 persequerentur,
1272 278 1335 314 sed
1351 279 1461 327 plane
1477 278 1622 317 diversa
1637 280 1861 324 affectarent,

122 325 237 361 etiam
259 325 359 361 illius
382 323 565 360 sentiendi
589 324 847 373 cogitandique
870 325 966 361 ratio
990 337 1013 360 a
1036 337 1211 361 romanae
1242 325 1443 380 juventutis
1472 328 1732 364 consuetudine
1754 333 1863 375 atque
1922 372 1927 378 ι

120 372 250 408 studiis
272 372 489 408 abhorreret
519 383 665 407 necesse
695 371 777 407 fuit.
824 370 983 406 Juvenes
1006 372 1108 407 enim
1131 384 1277 408 romam
1300 372 1551 418 potissimum,
1581 373 1625 408 ut'
1647 374 1796 409 facilius
1814 373 1862 408 ad

121 430 309 453 summum
332 418 486 452 honoris
508 423 546 452 et
568 418 656 452 volu
686 417 767 451 tatis
789 415 977 463 fastigium
1001 416 1265 460 eveherentur,
1291 429 1443 466 suasque
1464 416 1636 453 libidines
1659 420 1862 467 explerent,

121 463 161 499 in
192 463 320 499 literas
349 462 604 499 incumbentes
634 474 654 498 e
670 461 882 510 oquentiam
913 461 984 498 sibi
1007 462 1290 511 comparabant3
1341 471 1379 500 at
1401 463 1601 500 Horatium
1625 472 1864 512 praeceptore

123 509 215 545 duce
238 516 276 545 et
298 509 460 545 Homeri
483 510 647 544 carmina
670 515 707 543 et
731 520 857 543 omnes
879 514 976 543 artes
998 508 1190 550 liberales,
1215 521 1291 544 non
1314 516 1356 544 ut
1379 522 1426 545 ex
1449 510 1494 545 iis
1516 514 1663 545 tantum
1686 511 1863 546 orationis

122 555 345 602 elegantiam
368 562 405 589 et
436 555 529 589 bene
556 553 699 588 dicendi
723 559 843 588 artem
867 560 1118 601 cognosceret,
1133 554 1207 589 sed
1230 566 1277 590 ex
1300 554 1439 599 animo,
1462 566 1535 602 quo
1557 554 1751 604 gaudebat,
1775 556 1864 604 pul-

123 601 201 638 chri
228 613 269 636 ac
292 600 417 637 decori
439 599 600 636 studioso
623 599 736 635 etiam
759 611 818 635 res
838 605 1077 647 pertractatas
1099 600 1378 648 diligentissime
1407 600 1670 637 considerando
1700 608 1864 638 mentem

122 656 284 687 acueret,
309 656 346 680 et
368 646 503 687 indies,
528 645 626 691 quod
649 645 855 687 honestum,
879 645 977 691 quod
1000 655 1110 692 turpe
1121 646 1180 687 sit,
1207 647 1339 682 melius
1355 647 1455 694 perci
1503 652 1572 689 ret,
1591 658 1738 681 summa
1752 646 1875 682 seda--

121 693 227 728 litate
250 691 438 734 didicisse,
472 702 547 726 non
571 690 741 738 negabit,
766 690 830 744 qui
853 701 1019 738 unquam
1042 690 1286 735 intellexerit,
1313 658 1541 728 fortitudiiiis
1565 697 1604 728 et
1626 692 1862 737 constantiae,

122 738 283 786 justitiae
307 744 344 774 et
366 736 579 784 aequitatis,
611 736 876 773 moderationis
909 749 952 772 ac
984 737 1128 785 patriae
1151 738 1290 773 amoris
1312 745 1350 774 et
1368 739 1612 786 reliquarum,
1636 739 1767 785 quibus
1790 739 1862 774 ho-

122 785 271 820 minum
293 784 445 820 libertas
468 789 578 829 atque
600 785 698 817 salus
721 782 949 826 vindicatur,
973 784 1155 819 virtutum
1179 785 1373 832 exempla,
1402 797 1475 832 quo
1499 796 1560 820 ma
1589 784 1617 820 's
1646 784 1703 820 vis
1718 785 1863 833 vimagi-

122 830 239 867 nandi
261 829 435 878 gravibus
452 835 489 864 et
506 828 698 875 exquisitis
712 828 886 864 incitatur
898 829 1033 872 verbis,
1058 841 1103 865 eo
1119 829 1373 866 vehementius
1389 831 1558 872 animum
1600 831 1716 867 onesti
1732 843 1866 867 aman-

71 908 77 912 .
122 884 199 913 tem
223 888 387 911 movere.
445 875 503 910 Ita
525 886 584 909 res
618 887 641 909 a
665 874 818 909 Graecis
851 874 949 909 bello
974 875 1126 920 trojano
1141 874 1296 910 fortiter
1314 887 1359 910 ac
1382 876 1570 922 praeclare
1592 883 1714 923 gestae
1737 879 1865 913 etve-

120 922 237 959 nustis
260 920 487 956 carminibus
513 925 706 955 enarratae
728 921 849 955 multa
871 931 958 964 sane
976 926 1013 955 et
1037 919 1217 955 imitanda
1240 920 1280 956 in
1303 929 1467 956 mentem
1490 927 1714 957 revocarunt
1734 934 1866 959 roma-

121 981 193 1005 nae
212 967 362 1003 virtutis
384 966 568 1013 exempla,
592 971 686 1013 quae
709 965 871 1002 Horatio
893 972 998 1013 pater
1013 966 1166 1012 antiquo
1186 978 1292 1002 more
1315 967 1485 1010 eximius,
1508 967 1677 1014 simplice
1723 968 1862 1012 uidem,

123 1015 186 1050 sed
214 1014 321 1061 gravi
343 1013 510 1048 oratione
533 1024 717 1058 expressa,
741 1024 762 1045 a
785 1011 903 1046 libera
914 1012 1170 1048 Romanorum
1192 1012 1353 1055 civitate,-
1377 1025 1492 1059 quum
1514 1013 1680 1051 maxime
1752 1020 1862 1055 reret,

121 1069 283 1095 assumta
311 1070 358 1093 ex
389 1058 520 1092 eodem
543 1057 697 1092 consilio
720 1058 962 1104 allegaverat,
995 1069 1042 1092 ex
1065 1069 1138 1104 quo
1163 1057 1208 1092 ad
1231 1069 1297 1101 ea,
1327 1070 1422 1106 quae
1443 1067 1532 1095 tunc
1551 1058 1632 1095 sive
1654 1059 1765 1095 laude
1784 1059 1863 1096 sive

123 1104 397 1154 vituperatione
420 1103 532 1152 digna
554 1103 805 1148 habebantur,
829 1102 901 1139 filii
922 1103 1093 1140 animum
1115 1102 1288 1140 advertit.

263 1198 381 1245 Quid·
390 1196 504 1245 igitur
521 1196 674 1241 mirum,
700 1196 730 1232 si
754 1196 907 1233 Flaccus
930 1201 1214 1244 noster‚‘quum
1238 1196 1384 1233 adultus
1407 1197 1526 1234 vitam
1549 1208 1785 1234 communem
1807 1197 1864 1233 ci-

123 1246 231 1281 vium
254 1245 481 1280 discordium
507 1244 676 1286 vidisset,
700 1255 793 1290 quae
816 1257 832 1278 s
860 1243 1018 1279 ecimina
1041 1243 1240 1280 hominum
1259 1244 1377 1279 libere
1400 1244 1637 1280 sentientium
1659 1250 1695 1279 et
1711 1256 1864 1291 magna-

124 1293 317 1327 nimorum
341 1303 361 1325 e
385 1300 553 1325 veterum
578 1290 810 1324 Graecorum
870 1291 1162 1335 omanorumque
1184 1289 1412 1325 documentis
1434 1299 1599 1337 ceperat,
1630 1290 1799 1337 nuspiam
1823 1290 1863 1325 in

123 1350 165 1373 re
184 1337 335 1384 publica
358 1341 536 1370 cerneret.
586 1335 711 1369 'Petris
734 1335 834 1369 enim
859 1335 979 1377 bellis,
1004 1347 1098 1381 quae
1121 1335 1238 1370 nimia
1261 1335 1420 1370 avaritia
1437 1341 1474 1371 et
1489 1334 1691 1371 immodica
1713 1335 1863 1371 honoris

124 1383 336 1430 gloriaeque
351 1381 531 1428 cupiditas
544 1379 783 1422 conflaverat,
809 1387 973 1415 veterem
993 1392 1120 1415 rerum
1144 1380 1379 1427 publicarum
1395 1381 1766 1423 administrationem,
1791 1393 1864 1428 qua

123 1438 268 1464 servata
289 1428 432 1475 patriae
454 1430 551 1462 salus
575 1426 646 1461 sibi
669 1425 762 1461 fulta
786 1426 1002 1468 videbatur,
1044 1426 1211 1473 quotidie
1231 1427 1350 1473 magis
1380 1426 1638 1462 labefactatam
1662 1428 1862 1475 conspexit,

122 1474 221 1511 unde
242 1473 402 1514 factum,
428 1482 469 1508 ut
491 1472 644 1513 timore,
669 1483 716 1506 ne
740 1466 891 1518 antiqua
914 1472 1072 1507 civitatis
1095 1470 1219 1507 forma
1240 1474 1353 1519 plane
1375 1478 1586 1515 corrueret,
1615 1472 1760 1519 juvenis
1777 1472 1863 1508 Ho-

122 1521 240 1557 ratius
260 1519 410 1567 pristini
433 1531 560 1555 rerum
585 1523 700 1552 status
724 1530 768 1552 eo
793 1517 1002 1560 studiosior,
1024 1524 1066 1552 ut
1089 1517 1137 1552 ad
1160 1529 1394 1553 communem
1410 1519 1565 1554 salutem
1585 1518 1860 1561 restituendam,

124 1576 303 1614 quantum
327 1565 469 1613 potuit,
498 1563 709 1606 conferret,
741 1563 1009 1610 impelleretur.
1067 1562 1306 1611 Quapropter
1328 1564 1529 1599 Horatium
1551 1576 1697 1599 summo
1720 1564 1863 1612 patriae

125 1613 252 1649 amore
275 1612 490 1653 incensum,
515 1616 568 1653 et,
591 1616 634 1645 ut
656 1621 726 1656 pro
751 1608 892 1644 viribus
915 1608 1037 1644 ruenti
1062 1609 1204 1644 civitati
1227 1621 1337 1657 opem
1360 1608 1494 1653 ferret,
1518 1610 1769 1648 ardentissime
1792 1622 1864 1659 op-

122 1664 284 1701 tantem,
309 1656 489 1698 Athenis,
514 1668 603 1703 quas
626 1655 767 1691 nobiles
785 1655 969 1698 Romani,
1002 1661 1043 1690 ut
1066 1655 1183 1690 literis
1206 1656 1419 1703 artibusque
1444 1662 1634 1700 vacarent,
1672 1657 1739 1693 illa
1761 1663 1861 1692 tem-

123 1710 263 1755 pestate
283 1702 584 1750 frequentabant,
608 1701 737 1736 studiis
760 1713 914 1748 operam
937 1713 1113 1744 navasse,
1137 1709 1247 1748 atque
1269 1713 1384 1748 quum
1408 1702 1461 1738 M.
1487 1702 1643 1746 Brutus,
1682 1702 1782 1741 bello
1806 1703 1863 1739 ci-

124 1751 195 1788 vili
218 1757 366 1793 exorto,
391 1761 477 1784 cum
499 1748 604 1783 bonis
628 1748 769 1783 civibus
794 1747 834 1783 in
858 1747 1117 1782 Macedoniam
1139 1747 1452 1794 proficisceretur,
1486 1753 1525 1783 et
1559 1748 1630 1783 hoc
1658 1748 1700 1784 in
1730 1748 1864 1784 itinere

125 1809 211 1833 cum
233 1796 379 1837 multis,
411 1794 476 1841 qui
499 1804 586 1830 tunc
608 1793 765 1829 Athenis
789 1793 1137 1835 commorabantur,
1168 1793 1383 1839 juvenibus,
1417 1805 1577 1840 quorum
1606 1806 1701 1829 uuus
1732 1795 1862 1830 Hora-

123 1844 197 1879 tius
220 1847 319 1882 erat,
344 1846 386 1875 ut
401 1840 564 1875 vindices
580 1839 762 1875 libertatis
779 1847 950 1886 augeret,
974 1849 1011 1872 se
1025 1839 1283 1893 conjungeret,
1307 1850 1375 1886 pro
1396 1838 1585 1875 communi
1605 1839 1776 1876 libertate
1800 1853 1864 1876 ar·

122 1901 186 1926 ma
209 1887 368 1936 cepisse,
391 1886 562 1931 equidem
585 1896 730 1921 censeo:
771 1895 996 1932 quamquam
1026 1884 1201 1931 plurimi,
1230 1891 1273 1920 ut
1296 1884 1611 1939 conjunctionem,
1642 1898 1716 1934 qua
1737 1892 1863 1935 postea

121 1945 231 1985 poeta
255 1939 379 1969 noster
402 1932 614 1980 Augustum
636 1931 903 1978 imperatorem
926 1930 1060 1977 attigit,
1094 1942 1181 1966 cum
1203 1931 1274 1966 hac
1289 1931 1424 1968 militia
1448 1932 1734 1968 consentientem
1756 1932 1865 1968 vide-

122 1987 224 2024 rent,
249 1978 454 2016 Horatium
477 1978 549 2014 nisi
571 1976 789 2025 prudentia,
813 1982 856 2012 ut
878 1988 901 2011 a
925 1976 1134 2012 calamitate
1157 1977 1314 2013 instante
1325 1990 1364 2013 se
1384 1976 1609 2022 defenderet,
1633 1981 1863 2015 commotum

123 2041 145 2064 a
167 2026 275 2064 Bruti
295 2023 466 2074 partibus
489 2036 564 2060 non
585 2023 743 2066 stetisse,
767 2022 1004 2058 contendunt.
1053 2024 1152 2059 Nam
1175 2023 1309 2071 ignave
1323 2024 1413 2060 belli
1429 2024 1621 2060 fortunam
1636 2030 1860 2072 exspectare,

124 2081 160 2109 et
181 2072 344 2126 turpiter
364 2071 465 2106 inter
484 2070 729 2118 pugnantiuin
750 2075 873 2116 partes
895 2069 1093 2112 fluctuare,
1122 2069 1283 2105 hominis
1306 2082 1383 2106 esse
1405 2082 1480 2106 non
1499 2071 1605 2112 solet,
1630 2069 1768 2116 quiea,
1792 2082 1862 2117 qua

124 2120 302 2155 Horatius
324 2116 525 2165 gaudebat,
550 2115 764 2151 educatione
786 2115 952 2151 eruditus
974 2115 1140 2151 maximo
1163 2115 1315 2158 ardore,
1349 2115 1448 2163 quod
1471 2124 1630 2162 aequum
1654 2121 1732 2158 est,
1770 2128 1861 2151 con-

122 2165 227 2210 sequi
251 2164 379 2198 studet.
429 2162 627 2197 Caeterum
652 2161 716 2208 qui
739 2170 908 2196 accurate
924 2161 1033 2207 hujus
1048 2167 1179 2209 poetae
1196 2162 1362 2196 carmina
1380 2166 1627 2208 perscrutatus
1650 2159 1774 2204 fuerit,
1798 2174 1862 2207 ea-

123 2222 195 2257 que
219 2208 475 2256 perpenderit,
500 2219 594 2255 quae
618 2207 663 2242 de
686 2206 796 2241 rebus
818 2206 989 2242 humanis
1013 2207 1209 2255 cogitavit,
1241 2218 1424 2253 quemque
1452 2205 1621 2242 animum
1651 2206 1801 2244 limium
1825 2215 1863 2244 et

122 2260 352 2292 constantem
373 2252 415 2290 in
435 2253 515 2302 ipsa
531 2245 761 2292 Maecenatis
785 2258 822 2288 et
843 2253 1006 2301 Augusti
1027 2252 1284 2289 familiaritate
1306 2264 1397 2300 prae
1420 2264 1457 2288 se
1480 2252 1587 2298 tulit,
1610 2253 1676 2291 vix
1698 2266 1861 2302 unquam
