1960 2683
941 46 970 87 4-

1015 201 1017 205 ,
1186 166 1369 203 Liberius
1416 168 1425 176 ⁶

408 210 560 248 Dixero
585 209 700 261 quid,
719 209 761 260 ⁴si
772 208 882 259 forte
897 210 1087 259 joc-osias,
1111 211 1183 249 hoc
1206 213 1305 249 mihi
1320 182 1426 261 juri:

409 257 505 292 Cum
529 257 644 294 venia
669 256 790 293 dabie.
841 257 1014 294 Insuevit
1034 265 1147 307 paper
1170 259 1335 308 optimu-⁸2
1359 260 1430 307 ltoc
1453 273 1528 304 me,
1544 298 1553 302 ,

412 303 463 340 Ut
476 302 664 354 sugerem
688 299 871 354 exen‘zplis
895 303 1079 342 vitiorum
1103 318 1273 356 quaeque
1295 305 1476 343 notando.

228 396 361 432 Talem
386 408 477 432 vero
500 397 657 445 puerilis
676 396 793 432 animi
816 396 856 432 in
873 396 966 432 vitia
989 397 1155 435 aliorum
1170 398 1370 436 deridenda
1391 399 1694 448 propensionem,
1717 411 1832 449 quum

88 443 220 482 deinde
243 442 423 488 Horatius
447 443 609 480 Romam
633 456 656 479 a
679 450 785 492 patre
809 442 984 480 deductus
1008 444 1122 486 Ennii
1146 452 1183 482 et
1205 446 1345 482 Lucilii
1369 446 1497 482 satiras
1521 447 1762 494 cognovisset,
1787 447 1834 483 iis

87 504 163 528 non
186 497 331 526 tantum
354 500 559 534 servatam,
590 490 652 526 sed
677 491 839 530 multum
863 490 976 525 etiam
1001 491 1266 539 amplificatam
1290 504 1388 536 esse,
1418 504 1506 528 sane
1529 505 1606 528 non
1629 498 1701 535 est,
1734 493 1834 540 quod

89 537 361 573 dubitationem
385 537 579 584 relinquat.
628 536 727 572 Nam
751 536 852 585 ipsae
876 535 952 583 jam
975 547 998 572 a
1019 549 1128 574 scena
1152 544 1326 575 avocatae
1350 545 1387 576 et
1409 538 1455 575 ab
1478 538 1601 582 Ennio
1625 538 1665 575 in
1689 543 1835 575 sermo-

87 590 151 621 nes
175 588 393 620 retractatae
415 583 549 619 satirae
571 582 625 619 sic
647 582 882 630 exponebant
903 594 980 627 res,
1007 584 1108 631 quasi
1131 591 1350 633 agerentur,
1375 591 1412 621 et
1433 584 1659 621 scenicarum
1682 583 1834 621 fabula·
1872 610 1874 613 -

87 643 173 666 rum
198 629 317 665 indoli
339 636 449 677 atque
473 628 606 664 virtuti
635 629 777 664 mirum
800 629 840 665 in
864 629 1019 665 modum
1044 630 1182 667 similes
1206 631 1416 678 dramatum
1439 630 1656 673 affinitatem
1678 630 1836 666 minime

89 677 354 724 deposuerant:
401 675 527 723 itaque
548 675 683 711 harum
708 675 907 711 satirarum
930 678 1149 724 argumenta
1171 683 1209 714 et
1234 678 1355 714 omnis
1379 677 1557 714 orationis
1579 687 1688 713 sonus
1710 675 1835 712 idem-

88 735 159 770 que
182 722 287 758 stilus
314 721 438 759 Flacci
461 722 873 770 adolescentisingenio
897 722 944 757 ad
967 722 1007 758 id
1029 735 1143 771 genus
1167 728 1317 778 poeseos
1338 723 1498 772 proclivi
1517 732 1555 759 et
1572 724 1706 760 allecto
1721 734 1835 770 quam

84 769 252 809 maxime
275 774 538 803 convenerunt.
587 767 691 814 Quin
714 767 814 804 haud
837 768 925 810 scio,
957 780 1006 804 an
1029 782 1106 805 non
1128 776 1260 814 etiam,
1283 782 1395 818 quem
1414 775 1696 835 praeceptorem
1718 768 1834 805 habe·

88 816 175 857 bat,
200 814 369 850 Orbilius
393 814 582 862 Pupillus,
609 814 639 850 si
663 826 736 861 qua
759 813 847 850 fides
871 814 1104 869 adjungenda
1127 823 1182 851 est
1200 816 1398 859 Suetonio,
1427 816 1452 861 .)
1482 815 1549 862 qui
1578 815 1677 852 huuc
1705 826 1834 863 gram—

89 862 268 897 maticum
293 873 341 895 ne
355 859 583 908 principum
606 859 763 908 quidem
786 860 960 896 virorum
981 862 1228 897 zmectatione
1250 861 1477 897 abstinuisse
1499 860 1632 904 tradit,
1663 867 1706 896 ut
1720 863 1835 907 'lepor

89 908 155 943 ille
179 906 352 947 festiv'us,
382 916 516 952 parens
539 911 714 953 tanquam
738 905 873 940 satirae
895 911 1005 953 atque
1027 906 1176 949 lumen,
1201 906 1332 942 laetius
1355 905 1590 949 adolesceret,
1622 904 1835 947 contulerit,

89 953 156 989 etsi
180 951 371 988 hominem
394 951 508 986 istum
527 952 721 999 plagosum
744 951 784 987 in
808 963 887 994 eos,
912 963 1074 998 quoium
1098 951 1169 988 sibi
1185 965 1308 989 mores
1323 952 1499 1000 carpendi
1518 951 1753 994 videbantur,
1780 950 1835 987 si-

89 1000 171 1035 mul
194 998 270 1033 bile
294 1003 481 1032 commota
504 997 600 1032 iram
625 997 842 1045 odiumque,
867 1000 961 1044 quae
985 1011 1007 1033 a
1029 1009 1120 1034 vera
1133 998 1268 1034 'abesse
1291 998 1427 1036 debent
1448 997 1580 1042 satira,
1615 995 1835 1047 profudisse,

91 1058 137 1082 ex
163 1045 251 1093 ipsis
274 1043 443 1079 Suetonii
468 1043 589 1080 verbis
613 1043 774 1093 colliges.
800 1054 802 1056 ·
1541 1057 1543 1059 ·

233 1137 429 1172 Caeterum
453 1148 499 1173 ex
522 1136 591 1171 hac
615 1135 812 1184 singulari,
839 1149 910 1190 qua
933 1144 1044 1185 poeta
1067 1147 1192 1174 noster
1213 1137 1413 1181 eminebat,
1437 1137 1482 1174 ad
1507 1138 1635 1185 satiras
1658 1135 1838 1173 naturalis

91 1183 232 1232 ingenii
254 1180 474 1217 Hexteritate
498 1181 656 1217 facetam
681 1194 827 1230 quoque
851 1184 1040 1226 zroniam,
1065 1196 1157 1231 quae
1180 1185 1334 1232 passim,
1358 1185 1525 1225 maxime
1546 1184 1588 1219 in
1610 1182 1836 1219 carminibus

90 1232 207 1266 serius
231 1229 271 1264 in
284 1230 415 1270 ‚lucem
437 1227 557 1268 editis,
582 1227 704 1275 lepide
720 1240 764 1263 ac
786 1228 918 1264 festive
939 1230 1214 1265 cavillationem
1229 1229 1376 1272 leniret,
1402 1236 1439 1265 et
1459 1229 1524 1265 ubi
1542 1241 1585 1264 ea
1602 1228 1755 1277 prodire
1769 1239 1838 1263 nec

90 1282 211 1325 posset
233 1286 301 1309 nec
323 1273 494 1315 deberet,
518 1272 790 1316 effunderetur,
813 1275 1046 1321 provenisse,
1070 1287 1118 1311 ex
1140 1287 1183 1310 re
1205 1275 1285 1322 ipsa
1307 1275 1441 1321 liquet:
1472 1286 1583 1321 quam
1612 1275 1727 1322 igitur
1754 1273 1836 1308 vir-

91 1328 210 1357 tutem
234 1318 389 1355 Horatii
412 1319 539 1354 animo
561 1319 711 1354 insitam
734 1319 958 1356 Maecenatis
981 1320 1265 1363 consuetudine,
1289 1320 1392 1368 apud
1413 1332 1524 1367 quem
1546 1319 1586 1356 id
1610 1331 1723 1367 genus
1747 1328 1839 1362 con-

90 1364 328 1403 fabulationis
350 1364 510 1411 viguisse
534 1363 699 1407 videtur,
731 1365 871 1401 miram
894 1366 1047 1403 omnino
1071 1366 1292 1403 suavitatem
1314 1374 1483 1412 nactam,
1513 1365 1578 1402 sed
1605 1376 1682 1408 non
1712 1370 1838 1401 natam

93 1425 188 1455 esse,
219 1417 319 1447 recte
342 1409 490 1446 monuit
514 1409 734 1449 Wilandus.
750 1411 805 1457 **)
1787 1422 1789 1424 ·

922 1522 954 1569 §-
981 1523 1015 1559 3.

236 1596 384 1646 Quodsi
405 1597 463 1633 his
488 1596 594 1633 dictis
620 1602 723 1646 patet
745 1596 895 1633 Horatii
919 1596 1036 1634 animi
1060 1595 1292 1634 affectionem
1318 1596 1362 1634 ad
1377 1597 1531 1635 satiram
1546 1605 1768 1647 propensam
1791 1594 1838 1632 ab

97 1647 245 1687 indole,
270 1644 474 1680 tenerrima
493 1649 613 1679 aetate
634 1644 804 1679 suscitata
827 1650 864 1679 et
886 1642 1041 1679 decursu
1064 1645 1242 1691 temporis
1265 1646 1384 1687 culta,
1407 1643 1612 1692 profectam
1636 1655 1729 1678 essee
1752 1654 1840 1677 sane

96 1701 311 1739 temporum
337 1695 374 1724 et
397 1689 536 1725 civium
558 1689 739 1724 sentiendi
761 1688 965 1737 agendique
988 1688 1170 1734 rationes,
1201 1701 1297 1737 quae
1327 1689 1406 1737 ejus
1428 1689 1546 1724 menti
1568 1688 1679 1725 valde,
1699 1698 1840 1742 repug-

96 1738 254 1778 nabant,
279 1733 497 1777 effecerunt,
522 1741 564 1771 ut
585 1734 731 1782 juvenis
752 1735 954 1771 satirarum
976 1735 1048 1771 scri
1075 1740 1136 1771 tor
1158 1735 1358 1784 prodierit,
1383 1735 1536 1783 quibus,
1559 1740 1603 1770 ut
1624 1733 1754 1770 rustici
1777 1745 1839 1769 m-

97 1785 177 1821 mia
201 1782 387 1821 hilaritate
409 1781 551 1829 perfusi
574 1781 698 1817 dicace
716 1788 754 1817 et
767 1782 932 1817 incomta
955 1746 1192 1818 caviffatione
1210 1781 1337 1829 jocum
1350 1781 1423 1817 sibi
1438 1780 1658 1822 movebant,
1685 1779 1736 1814 sic
1752 1779 1839 1815 Ho-

99 1831 215 1867 ratius
239 1840 307 1864 nec
330 1839 479 1862 morosa
501 1839 569 1861 nec
591 1826 775 1862 maledica
798 1827 977 1861 vitiorum
1002 1827 1197 1869 irrisione,
1220 1826 1282 1861 sed
1306 1832 1393 1861 nata
1417 1826 1464 1861 ex'
1480 1825 1594 1861 hisari
1614 1836 1743 1861 rerum
1765 1824 1841 1859 hu-

97 1885 296 1914 manarum
314 1882 459 1915 contem
485 1872 636 1916 latione,
659 1878 703 1908 ut
726 1871 903 1908 damnum
928 1883 991 1919 spe
1006 1871 1053 1907 ad
1076 1871 1228 1908 irritum
1246 1871 1395 1908 redacta
1418 1871 1502 1907 acce
1527 1871 1608 1908 tum
1627 1870 1730 1919 quasi
1743 1881 1840 1919 pen-¹

99 1928 210 1963 saret,
233 1932 271 1955 se
295 1920 418 1966 ipsum
468 1919 650 1953 electavit.
696 1919 764 1953 Me
784 1917 948 1966 pedibus
964 1917 1127 1953 delectat
1152 1917 1330 1953 claudere
1354 1917 1472 1954 verba
1522 1917 1618 1953 ucili
1640 1916 1738 1958 ritu,
1762 1917 1842 1962 ipse

97 1966 300 2017 profitetur
325 1970 434 2011 poeta
457 1964 533 1998 Sat.
557 1963 605 2004 11,
635 1974 665 2005 1,
690 1963 757 2007 283
787 1963 902 1998 trahit
924 1963 1025 1998 enim
1056 1975 1121 1998 sua
1145 1975 1325 2011 quemque
1348 1963 1531 2012 voluptas,
1556 1973 1668 2009 quam
1692 1965 1841 1995 se'nten-

96 2015 190 2051 tiam
213 2010 408 2061 praemisit
433 2009 489 2046 his
513 2008 636 2046 verbis
659 2015 916 2058 exornatamx-
950 2015 1041 2059 quot
1064 2009 1409 2060 capitum'vivunt‚
1431 2007 1604 2059 „totidem
1626 2004 1841 2044 studiorum

100 2060 237 2096 millia.

156 2181 194 2216 '‘)
213 2180 284 2209 Vid.
305 2178 440 2209 suetonii
464 2177 514 2210 lib.
536 2177 573 2207 <le
594 2178 688 2207 illust.
709 2187 800 2215 gram.
821 2187 845 2206 c.
867 2186 899 2216 9.

158 2246 209 2282 '¹‘)
230 2245 395 2275 XVielanffls
416 2246 539 2274 Einleit.
564 2255 599 2273 zu
620 2245 718 2283 Epist.
739 2245 769 2280 1,
792 2254 816 2273 ι.
