1960 2683
936 123 1021 164 ·13

119 256 158 279 ce
188 241 328 284 tissimi,
354 249 513 277 mortem
536 255 556 277 a
579 240 680 277 faece
702 237 834 288 populi
856 238 977 285 lugeri
999 250 1166 281 exorsus,
1191 238 1260 274 isto
1283 237 1477 274 decoctore
1499 242 1624 273 mente
1637 236 1853 285 informato,-

117 302 140 323 a
165 302 209 323 eo
232 293 421 334 permotus
445 294 520 331 est,
545 297 588 323 ut
610 288 802 332 complura
825 284 929 319 istius
951 285 1055 319 modi
1077 285 1270 319 hominum
1291 297 1424 331 genera
1445 284 1573 319 animo
1587 285 1853 331 complectere-

118 341 203 376 tur,
241 333 306 379 qui
336 333 505 368 luxuriae
535 329 823 383 libidinibusque
853 329 1019 365 immersi
1041 336 1106 365 aut
1128 328 1292 364 sordibus
1315 337 1352 365 et
1374 337 1474 367 veste
1497 330 1678 365 obscoena
1700 333 1854 370 notandi

118 380 240 420 stulte,
266 378 356 413 dum
380 379 470 414 vitia
493 379 670 425 quaedam
695 376 867 423 fugiunt,
893 375 934 411 in
955 375 1139 411 contraria
1161 376 1365 419 incurrunt,
1389 377 1486 423 quod
1509 377 1851 417 aliorumvarbitrio

119 423 271 458 obnoxii
294 436 368 459 non
391 422 754 464 honestatisstudio,
781 421 844 455 sed
866 421 1020 457 ludibrii
1045 430 1147 456 metu
1166 421 1285 462 vitiis,
1310 432 1400 466 quae
1420 422 1580 457 derideri
1597 429 1748 468 putant,
1781 425 1851 459 ab-

117 469 253 504 stinere
277 476 464 506 conantur.
525 468 612 515 Qua
642 467 839 503 hominum
870 467 1025 503 stultitia
1054 472 1153 501 recte
1183 477 1362 513 perpensa
1393 477 1498 513 poeta
1520 467 1653 503 deinde
1672 470 1854 517 proponit

118 515 346 558 sententiam,
369 516 556 557 homines,
582 514 645 560 qui
658 514 749 549 vitia
761 512 863 547 vitiis
888 513 1026 548 evitare
1045 513 1183 553 velint,
1216 512 1255 546 in
1275 523 1409 558 gyrum
1431 513 1536 561 dulci,
1569 526 1723 561 eamque
1747 527 1783 554 v.
1803 516 1850 553 24

117 560 284 598 distincte
306 562 364 597 his
385 561 505 597 vesbis
530 565 702 596 exornat:
750 558 860 594 Dum
873 558 998 595 vitant
1011 558 1121 594 stulti
1138 557 1254 602 vitia,
1278 559 1319 594 in
1335 558 1527 594 contraria
1542 567 1708 597 currunt.

260 672 428 707 Similem
452 670 594 706 videbis
619 669 870 705 oeconomiam
894 669 1028 706 satirae
1051 669 1182 705 tertiae
1205 678 1241 704 et
1264 677 1429 715 quartae,
1464 682 1618 717 quarum
1640 672 1741 709 illius
1764 687 1849 710 nas-

118 717 216 755 citur
239 717 435 752 exordium
459 716 504 751 ab
529 716 659 751 eodem
684 728 808 763 aspere
832 722 956 751 notato
981 716 1156 764 Tigellio,
1181 715 1278 750 unde
1302 721 1410 762 poeta
1431 728 1637 752 sermonem
1660 731 1726 766 per
1742 721 1851 756 Mae..

114 765 219 799 nium
243 763 437 815 quendam,
463 762 526 808 qui
550 761 740 797 absentem
750 761 924 798 Novium
941 761 1033 798 dam
1056 767 1240 809 carperet,
1265 761 1528 808 interrogatus:
1550 762 1656 799 Heus
1680 770 1734 807 tu,
1760 767 1847 813 qui-

117 808 210 842 dam
227 814 301 850 azt,
330 807 485 855 ignoras
509 814 563 850 te,
596 820 647 842 an
667 814 710 842 ut
732 807 905 856 ignotum
927 808 1022 843 dare
1048 807 1154 842 nobis
1167 806 1299 842 Verba
1313 808 1462 854 putas?
1497 810 1680 855 reposuit:
1703 818 1848 858 egomet

117 853 173 889 mi
198 852 368 907 ignosco,
401 853 502 900 turpi
531 853 643 888 allata
667 853 902 890 excusatione
924 853 1118 898 hominum
1142 852 1374 888 acerbiorum
1398 853 1438 888 in
1462 853 1535 889 suis
1556 854 1725 902 ipsorum
1749 856 1847 893 vitiis

115 899 411 942 conniventium,
437 899 498 934 sed
522 900 561 934 in
588 899 715 934 alienis
737 899 972 946 pervidendis
997 900 1089 934 bene
1112 898 1316 935 valentium
1339 899 1533 937 oculorum
1556 901 1737 945 acumine,
1760 909 1846 938 tan-

115 945 200 980 dem
223 945 270 979 ad
293 957 395 986 eam,
429 957 500 990 qua
523 945 646 979 omnis
665 944 755 979 haec
779 945 891 979 satira
914 945 1140 987 continetur,
1170 944 1409 979 sententiam:
1435 945 1574 980 stultus
1596 953 1634 981 et
1652 945 1849 1001 improbae

116 990 180 1027 hic
198 1003 306 1026 amor
321 997 374 1026 est
395 989 605 1039 dignusque
624 990 772 1033 notari,
809 990 967 1027 deflectit
989 990 1171 1038 carpendo
1204 990 1361 1026 nimiam
1382 990 1537 1026 istorum
1559 992 1844 1039 malignitatem.

113 1038 159 1072 In
181 1042 309 1083 quarta
332 1036 488 1082 denique
519 1037 631 1071 satira
654 1037 874 1071 sententiae:
913 1037 1005 1073 olim
1028 1037 1211 1079 Lucilius,
1244 1047 1477 1082 quaecunque
1493 1045 1691 1083 peccarunt
1703 1039 1846 1075 Roma-

115 1082 174 1126 ni,
199 1084 315 1117 multa
337 1094 422 1117 cum
439 1081 608 1117 libertate
622 1082 781 1124 notavit,
805 1082 1005 1129 praemissa
1023 1088 1075 1117 est
1093 1081 1320 1117 enumeratio
1337 1081 1479 1128 p'riscae
1497 1082 1709 1118 comoediae
1723 1085 1848 1132 scrip-

112 1134 248 1172 torum,
263 1140 421 1176 quorum
434 1128 624 1176 praecipui
635 1127 1052 1179 nominanturEupolis,
1063 1127 1254 1170 Cratinus,
1262 1126 1610 1177 Aristophanesque
1622 1132 1809 1179 poetae.*)

166 1241 186 1248 l

251 1239 289 1275 N
337 1250 381 1273 ue
398 1238 438 1273 in
456 1238 608 1285 reliquis
622 1238 730 1284 hujus
748 1239 892 1286 generis
916 1239 1151 1282 carminibus,
1176 1250 1337 1286 quorum
1353 1238 1383 1274 si
1402 1246 1617 1287 argumenta
1637 1250 1736 1278 recte
1758 1254 1847 1291 per-

114 1285 299 1333 spexeris,
366 1284 525 1319 oratium
548 1297 570 1319 a
594 1285 758 1331 singuliS‚
783 1297 877 1332 quae
892 1286 1054 1321 sensibus
1094 1286 1340 1333 ercipiuntur,
1365 1284 1413 1320 ad
1428 1297 1665 1322 communem
1683 1289 1848 1335 aliquam

116 1332 332 1367 sententiam
348 1336 471 1365 mente
490 1336 701 1378 conceptam
717 1331 917 1367 ascendisse
933 1332 1024 1367 dene
1049 1297 1137 1367 abis.
1179 1331 1264 1375 Hoc
1280 1331 1380 1366 enim
1395 1343 1523 1368 rerum
1543 1333 1659 1368 oculis
1675 1340 1848 1382 tanquam

113 1377 360 1413 obnoxiarum
393 1376 524 1411 ordine
553 1388 667 1423 quum
690 1378 909 1424 plerumque
941 1378 1019 1413 vivi
1046 1378 1106 1412 ior
1126 1377 1302 1412 reddatur
1325 1377 1463 1420 oratio,
1488 1390 1586 1425 feam
1614 1380 1737 1416 satiris
1764 1380 1847 1417 for-

113 1436 215 1459 mam
239 1436 312 1459 non
336 1423 497 1469 primam
520 1425 661 1466 solum,
693 1422 754 1457 sed
780 1435 799 1457 a
829 1424 1007 1458 tissimam
1031 1434 1176 1470 quoque
1198 1428 1329 1470 poetae
1358 1431 1483 1457 nostro
1501 1423 1586 1469 jure
1612 1426 1847 1473 selegendam

111 1469 223 1510 fuisse
247 1480 444 1504 censemus.
495 1468 640 1503 Verum
663 1477 787 1504 tamen
837 1469 918 1514 ujus
942 1481 1090 1516 poeseos
1113 1478 1265 1503 naturae
1288 1480 1362 1503 non
1385 1468 1601 1505 adversatur
1622 1482 1644 1505 e
1659 1472 1847 1520 principio

112 1515 318 1562 generatim
341 1513 541 1567 praemisso
564 1514 728 1561 singula,
753 1514 885 1559 quibus
909 1527 967 1549 res
990 1514 1173 1551 subtiliter
1196 1514 1292 1548 dicta
1315 1513 1531 1556 illustretur,
1557 1518 1732 1563 exempla
1754 1531 1847 1554 nec-

111 1571 211 1605 tere3
235 1560 430 1606 vegetioris
455 1559 555 1595 euim
579 1566 633 1595 est
654 1560 813 1607 ingenii,
843 1573 918 1596 uno
942 1570 1117 1607 tanquam
1141 1562 1333 1595 oculorum
1356 1559 1485 1595 obtutu
1501 1573 1560 1596 res
1583 1561 1722 1599 oblatas
1743 1564 1847 1610 judi-

114 1618 217 1647 care,
250 1606 501 1651 judiciumque
530 1606 634 1651 quasi
663 1618 791 1640 rerum
822 1607 948 1641 animo
978 1612 1236 1659 perceptarum
1269 1617 1451 1640 summam
1472 1607 1597 1653 paucis
1620 1610 1846 1655 exprimere,

112 1651 210 1706 quod
232 1650 412 1699 judicium
446 1662 578 1687 verum
610 1663 686 1686 esse
716 1663 843 1687 rerum
875 1651 1046 1700 deinceps
1069 1652 1298 1700 singularum
1319 1651 1595 1688 enumeratione
1615 1656 1848 1704 contempla-

110 1706 210 1734 none
235 1710 281 1733 ue
313 1697 563 1733 confirmatur.
617 1698 745 1744 Itaque
776 1698 856 1744 jam
886 1698 927 1734 in
948 1699 1142 1745 prooemio
1166 1697 1212 1732 de
1235 1710 1296 1741 re,
1330 1697 1372 1733 in
1394 1701 1705 1747 quabexponenda
1725 1708 1846 1738 totum

111 1757 216 1780 versa
241 1745 317 1780 itur
339 1754 506 1786 carmen,
531 1743 702 1778 universe
725 1750 872 1790 poetam
895 1744 1018 1791 loqui,
1041 1753 1079 1779 et
1101 1743 1254 1779 subinde
1272 1756 1399 1779 rerum
1422 1744 1572 1791 species,
1597 1758 1617 1780 e
1631 1747 1765 1793 quibus
1779 1749 1848 1784 illa

111 1790 284 1838 cogitatio
308 1796 394 1825 nata
416 1790 482 1830 sit,
508 1789 666 1835 adjicere
690 1789 788 1824 haud
811 1789 976 1827 alienum
994 1796 1047 1824 est
1062 1802 1086 1825 a
1102 1790 1233 1824 satiris.
1282 1789 1328 1824 In
1345 1789 1426 1836 ipsa
1439 1790 1541 1825 enim
1556 1791 1635 1826 vita
1655 1795 1844 1830 communi

113 1837 242 1871 crebro
267 1835 312 1871 ab
336 1835 546 1870 hominibus
576 1835 614 1871 in
641 1835 810 1870 eniorum
842 1835 1013 1871 acumine
1042 1834 1245 1872 valentibus
1268 1835 1457 1883 animique
1479 1836 1621 1873 laetitia
1643 1839 1784 1876 mirum
1804 1839 1846 1877 in

110 1882 264 1916 modum
288 1881 430 1923 erectis,
454 1881 602 1927 quicqui
653 1882 698 1916 de
724 1881 816 1917 vitio
841 1882 966 1928 aliquo
988 1883 1050 1918 vel
1072 1893 1198 1918 errore
1219 1881 1419 1925 senserint,
1481 1889 1604 1918 raeter
1633 1885 1845 1932 opinionem

109 1934 248 1962 temere
279 1938 322 1960 ac
350 1928 443 1964 salse
467 1927 607 1961 dictum
631 1928 843 1974 accipimus,
876 1927 973 1974 quod
1003 1928 1133 1963 deinde
1150 1926 1388 1962 ‘ludificantes
1412 1893 1644 1975 rigentesque
1665 1932 1846 1976 exemplis

111 1973 158 2008 ab
182 1971 375 2008 hominum
398 1971 570 2006 societate
587 1973 648 2007 vel
671 1985 799 2009 rerum
813 1979 944 2009 natura
964 1986 1005 2008 ca
1034 1974 1092 2017 tis,
1115 1986 1162 2010 ne
1183 1972 1372 2009 temerarii
1394 1985 1414 2007 e
1468 1973 1666 2010 robrentur
1686 1977 1843 2013 cavilla-

111 2027 229 2067 tores,
255 2019 440 2054 illustrare
465 2017 630 2062 student3
662 2032 733 2066 qua
756 2033 798 2055 re
822 2020 974 2056 omnino
1024 2026 1140 2064 ocent,
1161 2032 1201 2056 se
1224 2019 1282 2065 iis,
1298 2032 1401 2068 ,quae
1439 2031 1539 2056 acete
1561 2027 1597 2056 et
1621 2021 1783 2058 breviter
1806 2031 1845 2060 et

112 2072 219 2101 acute
253 2065 356 2119 yelut
388 2077 435 2102 ex
457 2071 626 2112 tempore
647 2066 762 2101 locuti
800 2065 912 2116 fuisse
934 2066 1161 2111 viderentur,
1206 2066 1256 2101 ad
1287 2066 1461 2115 pristinas
1494 2067 1616 2115 potius
1647 2070 1848 2106 revertisse

110 2119 317 2149 sententias.

164 2267 197 2307 ‘)
216 2268 818 2350 ραὶιὶῃέἔῖπεὲἰιὲἓιᾱίἐὲἓδζῗὲιιειὶοτὶὴιιε
837 2272 934 2311 poeti·
953 2271 1146 2311 judicaverit,
1164 2271 1241 2307 Gelu.
1260 2273 1375 2304 nauso
1393 2271 1426 2303 in
1444 2271 1544 2304 libro:
1569 2273 1758 2306 Vei-minente
1775 2276 1849 2308 Ab-
