1960 2683
244 268 356 315 Quod
380 274 503 303 autem
529 268 576 305 ab
600 267 707 304 initio
733 269 905 305 carminis
929 269 1045 305 facete
1067 270 1205 305 dictum
1228 269 1447 317 reperimus,
1472 269 1672 307 Horatium
1696 277 1845 318 accepto

104 318 225 364 agello
249 315 326 349 voti
350 320 559 360 compotem
584 327 659 349 esse
684 320 720 349 et
742 314 889 349 felicem
904 340 914 354 ,
938 327 982 349 eo
999 318 1203 363 elegantem
1224 328 1310 350 sane
1333 316 1430 350 inter
1452 317 1680 363 splendidam
1698 316 1849 351 urbium

105 362 292 399 miseriam
324 366 360 394 et
392 366 617 395 contemtam
641 373 815 408 agrorum
839 359 1057 396 felicitatem
1091 361 1316 397 intercedere
1340 358 1654 408 comparationem
1678 362 1849 408 equidem

103 420 250 443 censeo:
275 419 386 453 quem
411 407 512 441 enim
537 407 575 441 in
600 419 688 453 agro
712 406 849 441 Sabino
868 406 1119 442 beatissimum
1140 408 1379 450 admiramur,
1405 407 1563 443 eundem
1580 409 1620 444 in
1643 408 1745 443 urbis
1768 407 1847 443 fre-

104 453 254 500 quentia
278 452 532 488 miserrimum
548 453 727 499 lugemus.
774 452 944 487 Maxima
970 453 1108 500 oppido
1130 454 1269 489 laetitia
1284 453 1561 489 c'ommorabere
1575 454 1718 500 singula
1733 466 1849 501 quae-

103 512 176 546 que
199 500 269 535 hac
293 499 333 535 in
356 501 548 546 praeclara
571 498 732 545 imagine
756 498 958 540 meditans,
985 500 1045 535 cui
1068 509 1240 546 tanquam
1263 499 1427 547 picturae
1451 501 1579 546 lepore
1604 499 1673 533 scri
1702 509 1762 535 tor
1784 499 1848 535 in-

103 546 213 582 duxit
243 548 403 587 colores,
434 551 470 580 et
501 543 766 591 perfectissima
793 551 874 579 arte
897 545 1261 581 lumina-custodivit
1284 552 1321 580 et
1343 544 1511 586 umbras,
1553 551 1595 579 ut
1628 544 1663 579 di
1708 545 1777 580 cile
1801 546 1848 581 sit

103 593 223 634 dictu,
258 597 384 627 utrum
406 590 585 626 orationis
608 599 823 626 ornamenta
847 597 884 626 et
906 591 1071 635 lumina,
1109 592 1239 639 quibus
1262 591 1351 627 haec
1373 591 1487 627 satira
1510 590 1767 637 distinguitur,
1799 603 1848 627 an

100 639 249 687 pulchri
274 637 489 683 venustique
511 649 654 680 sensus,
688 649 760 684 quo
784 643 894 684 poeta
918 638 1148 684 praecelluit,
1172 638 1315 685 majore
1337 645 1373 674 te
1397 637 1557 674 afficiant
1580 637 1844 681 admiratione;

101 686 226 720 vultus
251 689 376 719 autem
399 683 582 726 severior,
616 695 689 730 quo
712 683 846 718 mentis
869 683 1154 720 oblectationem
1177 685 1364 720 laboribus
1387 686 1487 720 vitae
1510 684 1672 719 urbanae
1694 683 1845 718 tandem

102 730 318 780 perfunctus
342 736 444 764 vates
467 735 585 764 astute
609 730 719 772 celat,
757 729 883 776 jocum
907 739 944 765 et
968 729 1117 765 facetias
1141 737 1262 778 auget,
1286 743 1380 778 quae
1402 731 1441 766 in
1466 729 1569 765 omni
1587 730 1658 765 hoc
1681 729 1845 764 carmine

103 778 268 824 vigentes
292 776 465 856 nuspiam
489 788 526 810 as
553 776 692 811 eriores
716 783 875 819 scatent,
901 783 960 819 ut,
985 777 1083 823 quod
1107 777 1325 813 celsissimus
1348 776 1585 813 Heindorfius
1603 778 1639 820 *)
1674 776 1714 811 in
1737 775 1847 822 hujus

102 824 238 858 satirae
260 833 348 868 prae
365 822 488 856 atione
544 834 563 855 e
587 822 655 856 hac
679 834 720 855 re
743 821 797 855 dis
825 823 960 863 utavit,
985 828 1153 863 tantum,
1177 823 1208 856 si
1226 824 1369 868 reliqua
1385 823 1494 869 hujus
1512 822 1655 869 generis
1668 822 1844 863 carmina,

102 880 195 916 quae
219 866 453 902 mordaciora
476 867 596 901 multo
629 867 713 914 sales
729 833 920 912 muiiaque
950 867 1072 909 ironia
1096 878 1289 919 conspersa
1311 868 1417 902 nobis
1441 873 1603 908 exstant,
1646 878 1844 914 compara-

100 914 219 957 veris,
243 925 376 949 verum
401 924 477 947 esse
505 912 729 956 consentias,
755 912 893 960 quippe
916 923 1032 958 quum
1055 919 1131 948 non
1155 914 1320 960 singula,
1353 913 1484 960 quibus
1515 912 1654 948 fucatas
1685 912 1846 966 oppida·-

100 972 238 996 norum
262 959 469 1005 voluptates
491 958 703 1004 descripsit,
729 958 843 992 verba
868 958 941 993 sint
964 958 1094 993 acerba
1117 964 1154 992 et
1169 959 1339 1003 ludicra,
1369 959 1433 995 sed
1456 959 1560 994 omui
1582 969 1761 994 sermonis
1784 962 1844 993 te'-

100 1007 186 1043 uori
206 1004 374 1053 lepidum
397 1004 549 1051 aliquod
572 1003 780 1040 ludibrium
803 1003 957 1040 insitum
979 1015 1056 1039 esse
1078 1003 1262 1040 videatur.

242 1097 371 1144 Itaque
393 1096 537 1145 primus
561 1094 634 1131 fuit
656 1096 856 1139 Horatius,
882 1096 945 1144 qui
969 1095 1169 1144 singulari,
1193 1108 1266 1143 quo
1289 1095 1509 1143 praestabat,
1533 1096 1694 1144 ingenio,
1718 1103 1760 1132 ut
1782 1101 1843 1131 sess

103 1144 264 1181 cundum
289 1144 378 1179 artis
402 1144 567 1191 poeticae
591 1145 712 1189 legem
735 1155 814 1178 una
837 1143 995 1178 evaserit
1018 1149 1055 1177 et
1075 1142 1243 1197 simplex
1266 1141 1355 1178 haec
1377 1155 1505 1178 rerum
1529 1142 1690 1191 farrago,
1715 1155 1843 1191 perse-

102 1200 206 1227 cutus
222 1197 286 1227 est.
333 1190 440 1225 Licet
453 1190 554 1224 enim
572 1190 704 1224 satirae
722 1201 911 1231 romanae,
933 1189 1051 1235 qualis
1066 1201 1088 1223 a
1106 1189 1290 1242 principio
1307 1188 1431 1231 fuerit,
1448 1189 1707 1224 convenienter
1721 1192 1844 1224 multa

103 1245 142 1273 et
168 1237 293 1279 varia,
328 1248 422 1283 quae
447 1236 486 1270 in
509 1234 704 1270 hominum
729 1234 798 1270 sibi
821 1236 1030 1282 aequalium
1055 1234 1202 1270 circulis
1231 1241 1356 1282 mepta
1379 1241 1416 1269 et
1437 1235 1617 1282 jocularia
1640 1234 1843 1289 conspicie-

102 1285 178 1325 bat,
203 1283 259 1318 his
284 1282 508 1317 carminibus
532 1281 740 1316 condiderit
759 1294 802 1316 ac
814 1280 1078 1328 composuerit:
1105 1290 1230 1316 tamen
1251 1281 1449 1322 sententia,
1474 1293 1567 1327 quae
1578 1282 1756 1328 primaria
1774 1294 1843 1316 ve-

102 1330 173 1366 luti
196 1334 316 1363 mater
340 1326 505 1368 festivae,
530 1339 642 1373 quam
667 1327 706 1362 in
729 1327 850 1362 satiris
873 1329 1068 1370 miramur,
1091 1339 1219 1362 rerum
1241 1326 1429 1364 varietatis
1452 1327 1691 1374 cognoscitur,
1714 1328 1771 1363 sin
1821 1347 1842 1354 -

100 1379 156 1413 las
175 1373 334 1420 cujusvis
352 1373 530 1420 poematis
547 1379 682 1425 partes,
708 1379 750 1407 ut
768 1373 946 1409 concinne
968 1385 1045 1408 sese
1064 1373 1263 1420 excipiant,
1290 1373 1392 1420 quasi
1412 1372 1551 1409 furtiva
1571 1382 1607 1408 et
1629 1373 1762 1409 abscon
1790 1375 1842 1410 ita

101 1421 286 1458 connectit
307 1426 344 1454 et
370 1426 490 1454 totum
514 1419 663 1465 aliquod
687 1419 851 1454 numeris
873 1420 949 1454 suis
964 1418 1170 1466 perfectum
1192 1419 1315 1455 efficit.
1364 1418 1425 1454 Sic
1442 1419 1607 1461 omnino,
1632 1420 1755 1455 addita
1770 1421 1839 1456 hac

100 1469 260 1508 virtute,
292 1472 334 1500 ut
361 1476 479 1501 unum
508 1471 605 1500 esset
625 1477 777 1499 carmen
801 1465 1010 1508 satiricum,
1046 1464 1118 1500 rite
1140 1465 1254 1500 tuitus
1277 1471 1330 1500 est
1357 1466 1537 1501 Horatius
1558 1478 1574 1500 s
1601 1466 1717 1501 eciem
1740 1467 1840 1502 anti-

101 1525 195 1562 quae
219 1512 371 1555 satirae,
409 1522 503 1558 quae
527 1510 634 1549 varia
657 1516 694 1545 et
716 1510 879 1545 incomta
902 1511 1069 1545 oratione
1092 1510 1244 1556 insignis
1267 1517 1405 1546 temere
1431 1517 1467 1546 et
1494 1523 1578 1546 acer
1604 1523 1625 1545 e
1646 1511 1840 1547 hominum

100 1560 193 1597 vitia
216 1558 309 1595 risui
331 1557 445 1593 dedit.
494 1556 572 1604 Ipsi
594 1567 721 1591 versus
745 1555 972 1599 hexametri,
1004 1555 1136 1603 quibus
1156 1556 1291 1591 satirae
1317 1557 1540 1592 Horatianae
1561 1557 1718 1605 scriptae
1742 1564 1838 1600 sunt,

101 1619 215 1653 quam
238 1603 422 1644 maxime,
447 1609 491 1637 ut
512 1602 673 1649 pedestri
698 1602 859 1637 sermoni
882 1609 1000 1637 essent
1023 1602 1218 1644 simillimi,
1241 1603 1286 1637 ab
1309 1603 1465 1638 heroicis
1488 1602 1838 1647 diversi,·fecerunt,

101 1659 145 1688 ut
168 1663 216 1686 ex
240 1655 361 1684 metro
384 1660 528 1696 quoque
550 1647 622 1683 hoc
645 1659 794 1682 carmen
818 1660 936 1682 unum
966 1659 1042 1683 esse
1073 1659 1331 1694 cognoscamus
1339 1662 1351 1693 3
1382 1648 1548 1683 Lucilius
1572 1649 1670 1684 enim
1688 1674 1697 1690 ,
1729 1661 1839 1697 quem

102 1697 284 1735 Horatius
306 1702 449 1731 secutus
473 1700 542 1736 est,
590 1694 814 1730 hexametris
837 1694 979 1729 iambos
1002 1693 1197 1729 admiscuit
1219 1695 1377 1742 antiquis
1412 1694 1514 1730 Italis
1537 1695 1724 1743 proprios,
1754 1696 1839 1736 ,etsi

103 1743 284 1791 quaedam
313 1754 387 1777 uno
418 1741 620 1789 eodemque
650 1747 770 1776 metro
803 1741 847 1775 ab
876 1741 945 1776 illo
974 1740 1177 1788 composita
1201 1741 1379 1778 exstitisse
1409 1740 1575 1776 carmina
1603 1742 1731 1789 negari
1762 1754 1836 1778 non

101 1797 231 1839 potest.

243 1881 367 1928 Quam
391 1892 478 1916 vero
502 1879 720 1916 seutentiam
742 1878 965 1928 primariam
991 1879 1070 1916 sive
1092 1878 1252 1925 cujusvis
1275 1876 1409 1913 satirae
1430 1890 1626 1922 summam,
1650 1892 1743 1927 quae
1757 1881 1838 1916 sin-

100 1927 189 1978 gula
212 1927 355 1964 vinculi
377 1927 493 1962 instar
516 1927 725 1974 conjungit,
750 1937 894 1973 quaque
919 1931 1107 1972 perspecta
1131 1925 1299 1967 demum,
1324 1924 1413 2006 quid
1437 1926 1529 1960 velit
1542 1932 1669 1973 poeta,
1695 1927 1838 1962 intelli-

98 1977 219 2024 gitur,
254 1973 302 2009 ab
334 1973 440 2008 initio
471 1973 646 2008 carminis
667 1972 856 2019 scriptoris
890 1971 1014 2006 animo
1039 1977 1212 2018 tanquam
1236 1983 1324 2018 regu
1343 1983 1401 2006 am
1423 1971 1615 2006 obversari
1638 1984 1706 2018 per
1726 1984 1765 2006 se
1788 1973 1838 2007 li-

99 2036 112 2057 (
126 2028 207 2067 uet,
232 2019 295 2056 sed
317 2017 576 2068 progrediente
600 2019 767 2055 oratione
784 2016 996 2054 distinctius
1020 2030 1189 2066 expressa
1211 2025 1248 2053 et
1270 2017 1386 2066 magis
1409 2017 1604 2066 perspicua
1630 2023 1669 2052 at
1694 2029 1740 2052 ue
1754 2019 1837 2054 evi-

99 2036 187 2104 dens
211 2067 378 2114 reliquis,
404 2077 495 2112 quae
519 2072 868 2106 commemorantur,
893 2065 1002 2099 rebus
1025 2077 1152 2100 veram
1173 2064 1236 2099 det
1252 2065 1375 2100 lucem
1399 2076 1541 2099 necesse
1565 2069 1629 2097 est.
1704 2064 1738 2098 ic
1750 2064 1838 2099 Ho-

101 2115 214 2151 ratius
238 2114 314 2149 Sat.
339 2112 375 2155 I,
403 2123 423 2147 2
447 2111 502 2147 M.
538 2112 691 2159 Tigellii
715 2110 976 2158 Hermogenis,
1002 2109 1233 2146 celeberrimi
1264 2115 1353 2145 tunc
1383 2109 1525 2144 Romae
1548 2108 1706 2144 cantoris
1728 2115 1837 2157 atque

102 2161 329 2196 nobilissimo
354 2159 484 2205 cuique
507 2165 544 2197 et
565 2164 719 2206 propter
742 2169 873 2195 vocem
897 2157 1074 2207 eximiam
1098 2163 1135 2193 et
1157 2156 1198 2193 in
1219 2155 1310 2202 jocis
1333 2155 1582 2191 urbanitatem
1597 2154 1756 2192 hominis
1770 2169 1836 2192 ac-

159 2303 194 2340 ‘2
213 2304 273 2333 Des
294 2304 331 2340 Q.
352 2303 495 2332 Horatius
522 2301 644 2331 Flaccus
670 2300 791 2331 Satiren
820 2301 935 2330 erkliirt
964 2310 1024 2329 von
1054 2301 1090 2331 L.
1111 2299 1144 2328 F.
1165 2297 1323 2328 Heindorf.
1362 2298 1485 2327 Breslau
1505 2298 1535 2327 b.
1556 2299 1578 2329 1.
1598 2300 1632 2332 F.
1653 2300 1737 2330 Korn
1760 2299 1834 2332 1815

254 2352 285 2383 p.
307 2343 375 2379 379.
393 2342 425 2370 iu
448 2342 500 2370 der
521 2341 627 2371 Mitte:
668 2349 727 2368 von
748 2341 837 2377 Spore
859 2340 922 2368 und
941 2339 1052 2368 Scherz
1073 2339 1118 2367 iet
1139 2337 1205 2366 hier
1224 2336 1315 2366 kuum
1335 2337 1400 2367 eim
1419 2339 1509 2376 Spar.
