1960 2683
634 100 647 121 Κ

918 125 951 168 7

69 248 223 284 illorum
247 241 415 293 opinioni
439 206 601 288 accesst,
625 243 690 292 qui
702 241 906 291 Horatium
922 242 1081 284 inertem
1098 241 1172 279 suis
1194 248 1339 286 tantum
1352 242 1464 280 rebus
1482 241 1707 278 consuluisse
1729 246 1800 279 vo:

69 296 173 339 lunt3
197 292 265 329 etsi
286 292 388 327 ,enim
411 291 623 341 Augustum
645 300 833 329 summum
856 298 1032 338 tanquam
1054 302 1187 326 munus
1202 303 1225 326 a
1241 291 1309 327 diis
1322 291 1476 327 intanta
1497 301 1628 326 rerum
1649 295 1800 337 peruir-

70 340 219 377 batione
240 338 451 374 hominibus
484 339 648 374 delatum
671 338 757 374 esse'
770 336 938 382 putavit,
973 346 1099 371 tamen
1127 348 1174 370 ne
1197 337 1330 373 humili
1352 337 1564 375 adulatione
1587 335 1668 382 ejus
1691 334 1803 370 favo-

70 397 152 421 rem
175 389 360 430 captaret,
399 390 436 419 et
457 383 515 419 sui
528 382 629 430 -J'uris
652 380 971 434 esse-negligeret,
1003 392 1228 436 magnopere
1257 382 1418 418 cavebat.
1464 381 1518 418 Ut
1538 381 1656 437 igitur
1678 379 1800 417 officio

70 429 160 466 boni
182 428 272 466 civis
296 428 526 472 satisfaceret,
550 427 598 464 ad
621 432 826 464 exercitum
848 438 992 471 eorum,
1016 440 1079 474 qui
1092 427 1233 475 patriae
1246 427 1452 464 libertatem
1464 428 1691 464 vindicaturi
1713 427 1801 463 fue-

70 482 173 518 runt,
196 488 234 511 se
254 476 454 529 applicuit,
477 484 515 509 et
538 473 656 509 animi
676 473 781 517 cultu
803 478 841 507 et
861 473 989 515 Bruti,
1013 473 1077 519 qui
1098 474 1236 520 justam
1257 472 1468 508 defensurus
1490 474 1686 510 videbatur
1707 484 1801 509 eau-

70 533 167 565 sam,
187 528 352 570 partium
373 521 493 556 studio
518 531 608 555 mox
629 517 853 566 insignis-ab
876 528 921 553 eo
943 517 1112 555 tribunus
1134 518 1301 554 militum
1323 527 1376 563 est
1399 519 1543 557 electus·

207 608 288 648 Jam
303 611 393 648 vero
407 612 495 646 licet
508 617 660 654 eventus
676 609 787 655 hujus
803 609 860 644 rei
878 601 1073 651 voluntati,
1097 620 1170 654 qna
1192 609 1372 644 Horatius
1397 608 1567 654 militiam
1591 610 1798 657 auspicatus

69 667 140 702 est,
172 658 327 694 minime
355 656 619 704 respondisset,
649 655 748 702 quod
778 654 819 690 in
840 666 964 709 pugna
986 654 1034 690 ad
1055 654 1180 703 Philip
1207 667 1248 690 os
1269 655 1464 702 commissa
1485 655 1628 709 trepido
1651 656 1798 704 agmine

5 717 13 724 ²
69 705 239 751 abreptus
261 713 365 750 terga
386 699 551 738 hostibus
574 700 693 737 dedit:
717 710 861 743 tamen,
897 699 937 737 ld
960 700 1059 747 quod
1080 701 1156 747 jam
1218 701 1403 754 essingizfs
1424 701 1642 743 affirmavit,
1666 703 1714 738 ob
1735 714 1798 737 ca-

70 762 151 787 sum
173 749 285 784 illum
307 755 384 783 tam
407 747 571 790 tristem,
595 753 745 793 tamque
767 746 964 782 adversum
985 746 1159 782 Flaccum
1183 747 1229 782 de
1251 747 1420 796 ignavia,
1445 748 1555 794 (quae
1577 747 1743 794 quidem,
1766 748 1798 783 si

68 805 159 830 vera
180 799 285 840 esset,
306 793 402 829 hanc
424 792 577 838 omnino
601 788 889 841 disputationem
937 794 1021 829 lane
1043 792 1224 829 refutaret
1229 793 1272 838 ,)
1303 806 1378 830 non
1408 793 1603 829 accusabis.
1650 793 1800 830 Etenim

68 841 195 878 Carm-
219 839 287 883 11‚¹
300 851 335 885 7,
359 839 425 875 ubi
449 840 609 886 Quintus
632 846 758 875 noster
777 839 880 875 illius
920 839 1263 885 agae-mentionem
1286 839 1393 882 fecit,
1424 852 1506 875 rem
1535 839 1590 875 ita
1620 840 1797 883 narravit,

66 895 110 922 ut
131 887 254 922 lenem
274 886 438 932 ‘aliquem
462 891 499 920 et
527 891 703 932 tanquam
725 896 960 939 suppressum
984 884 1031 919 de
1052 884 1158 921 fatali
1180 885 1344 921 militum
1369 891 1485 928 sorte,
1508 885 1590 932 ,qui
1612 886 1721 933 pauci
1744 885 1796 922 li-

66 932 197 969 beram
219 931 406 968 civitatem
428 930 661 967 defendentes
685 931 923 973 interierunt,
947 930 1071 975 verbis
1094 931 1303 967 admixtum
1326 931 1452 967 credas
1474 931 1643 967 dolorem
1650 957 1665 974 ,
1697 933 1797 978 quod

68 978 218 1026 quidem
240 978 337 1026 ipse,
360 978 416 1013 uti
438 978 580 1012 Hector
602 983 640 1012 et
661 977 806 1012 Aeneas
830 976 1025 1023 aliquando
1055 988 1079 1011 a
1101 976 1251 1013 'Venere
1281 983 1391 1023 atque
1416 975 1591 1024 Apolline
1612 978 1797 1024 praesenti

63 1024 231 1072 periculo
251 1029 338 1059 sunt
359 1022 494 1070 erepti,
517 1023 647 1059 relicta
669 1031 744 1057 non
766 1022 860 1057 bene
909 1022 1074 1064 armula,
1106 1042 1111 1045 ,
1136 1034 1178 1057 er
1206 1022 1327 1058 hostes
1350 1012 1539 1058 Mercurio
1570 1021 1718 1059 favente
1739 1029 1795 1059 est

68 1070 249 1116 sublatus,
271 1069 335 1106 sed
356 1068 473 1105 fracta
497 1068 634 1105 virtute
657 1068 802 1115 Cassius
824 1074 862 1104 et
963 1068 1093 1104 Junius
1148 1074 1252 1104 rutus
1273 1067 1433 1116 turpiter
1453 1068 1676 1105 ceciderunt.

205 1161 290 1208 Quo
324 1167 472 1197 mortuo
506 1160 628 1208 prisca
662 1172 806 1208 quoque
835 1159 1012 1196 romanae
1033 1159 1260 1214 reipublicae
1283 1158 1405 1196 forma
1428 1172 1452 1196 a
1475 1160 1521 1196 L.
1545 1159 1657 1197 Junio
1679 1160 1795 1197 Bruto

66 1207 243 1251 instituta,
268 1207 371 1255 quasi
394 1219 470 1242 sors
493 1207 642 1254 publica
663 1207 832 1254 privatae
853 1206 982 1242 Juniae
1005 1213 1122 1253 genus
1145 1213 1238 1241 esset
1258 1206 1398 1253 juncta,
1421 1213 1633 1253 temporum
1654 1207 1795 1254 iniqui-

66 1261 140 1289 tate
171 1261 280 1300 atque
306 1253 450 1299 'injuria
471 1253 606 1287 misere
628 1258 682 1287 est
703 1253 843 1294 soluta,
875 1252 964 1287 imo·
977 1252 1102 1298 pravis
1123 1252 1260 1299 ubique
1282 1253 1540 1288 Romanorum
1562 1252 1727 1288 moribus
1751 1254 1797 1288 de

65 1300 250 1340 bonorum
273 1298 412 1333 civium
461 1297 634 1341 aucitate,
670 1309 764 1344 quae
785 1303 940 1345 propter
962 1297 1161 1333 honestatis
1184 1310 1228 1333 ac
1251 1297 1478 1346 fortitudinis
1499 1298 1697 1345 penuriam
1718 1298 1797 1346 jam

65 1345 152 1381 inde
174 1345 220 1381 ab
243 1344 352 1380 initio
375 1343 431 1379 bel
451 1344 464 1379 i
486 1343 609 1390 major
630 1342 761 1387 fuerit,
785 1356 897 1390 quam
914 1344 1003 1390 *quis
1025 1355 1073 1380 ex
1096 1356 1249 1379 numero
1273 1344 1446 1387 illorum,
1470 1344 1534 1390 qui
1557 1345 1653 1380 lucri
1672 1345 1794 1381 studio

64 1392 147 1427 aliis
172 1403 219 1426 ue
242 1390 356 1426 causis
379 1390 531 1425 nomina
553 1389 759 1433 dederant,⁴
773 1388 989 1434 crediderit,
1010 1389 1119 1429 rebus
1141 1389 1323 1432 adversis,
1347 1401 1441 1436 quae
1456 1389 1590 1425 deinde
1605 1391 1795 1428 civitatem

37 1446 40 1449 '
65 1450 159 1474 vexa
209 1446 267 1480 nt,
291 1436 469 1472 Horatius
491 1435 576 1471 satis
589 1444 653 1481 ‚est
677 1447 877 1481 persuasus.
923 1434 1044 1470 Simul
1068 1435 1128 1470 hic
1148 1447 1277 1471 rerum
1299 1436 1437 1477 exitus,
1470 1435 1614 1483 patriae
1635 1439 1795 1473 salutem

64 1496 141 1520 non
162 1492 239 1520 tam
262 1488 439 1518 renovata
459 1487 666 1517 senescente
687 1481 765 1527 jam
788 1480 946 1516 civitatis
964 1480 1274 1518 administrandae
1295 1480 1431 1524 forma,
1455 1494 1567 1528 quam
1578 1489 1706 1518 renata
1719 1495 1793 1530 po-

63 1530 146 1577 puli
168 1529 314 1564 romani
336 1529 522 1563 honestate
544 1527 749 1563 redituram
772 1539 870 1569 esse,
900 1526 1036 1562 docuit.
1070 1526 1322 1575 .Quapropter
1338 1527 1396 1568 iis,
1420 1528 1484 1574 qui
1506 1527 1640 1563 victori
1662 1540 1702 1563 se
1724 1528 1793 1564 de-

64 1575 217 1618 derunt,
241 1574 460 1622 impunitate
492 1573 637 1609 decreta
660 1573 839 1609 Horatius
861 1580 1015 1620 quoque*
1027 1572 1189 1609 Romam
1218 1573 1337 1610 redux
1359 1573 1398 1610 id
1419 1573 1533 1623 egisse
1553 1573 1713 1621 videtur,
1736 1584 1791 1620 ut,

64 1622 163 1669 quod
186 1620 296 1657 armis
317 1628 503 1670 praestare
525 1632 601 1655 non
622 1620 757 1668 potuit,
779 1618 974 1656 Musarum
988 1631 1064 1668 >ope
1084 1619 1288 1668 perficeret-

142 1741 144 1743 >
243 1713 386 1750 uamvis
407 1721 529 1749 autem
551 1712 729 1749 Horatius
751 1712 797 1748 de
811 1712 940 1755 causis,
964 1724 1058 1760 quae
1073 1711 1315 1750 fiandamenta
1329 1714 1556 1763 reipublicae
1566 1722 1791 1761 everterunt,

63 1761 211 1807 tranqui
241 1772 264 1795 o
288 1760 412 1795 animo
436 1759 596 1806 cogitare
618 1758 873 1801 consuevisset,
894 1765 933 1794 et
944 1759 1131 1806 singulare
1147 1760 1425 1807 prudentissimi
1441 1774 1485 1797 ac
1498 1761 1693 1798 fortissimi
1706 1763 1794 1799 Au-

115 1807 161 1842 sti
183 1806 396 1854 imperium,
419 1805 452 1840 si
474 1815 517 1839 eo
541 1804 640 1840 bella
659 1804 806 1847 civilia,
830 1810 888 1848 et,
912 1816 1007 1852 quae
1029 1817 1077 1841 ex
1098 1805 1144 1841 iis
1165 1806 1420 1850 nascebantur,
1443 1808 1543 1844 mala
1563 1808 1793 1854 sedarentur,

63 1818 243 1890 ffima'nis
262 1851 345 1888 fore
367 1851 652 1895 saluberrimum
674 1850 935 1896 intellexisset-2
958 1851 1083 1889 tamen
1107 1852 1197 1888 istae
1219 1853 1380 1889 rationes
1401 1863 1614 1901 temporum
1637 1855 1793 1891 necessi-

64 1904 138 1934 tate
167 1898 338 1932 obtrusae
366 1897 484 1932 menti
506 1897 619 1944 ipsius
642 1909 717 1933 non
740 1904 1009 1940 convenerunt,
1034 1898 1148 1934 sedin
1164 1898 1289 1935 animo
1312 1899 1491 1935 libertatis
1513 1909 1661 1936 amante
1682 1913 1791 1936 moe-

64 1955 189 1980 rorem
213 1942 396 1990 quendam
425 1943 513 1990 ipsis
544 1949 720 1990 tanquam
754 1943 954 1979 visceribus
976 1943 1228 1981 inhaerentem
1259 1946 1494 2000 progenuisse
1519 1946 1708 1989 videntur,
1749 1947 1789 1983 id

89 1990 161 2026 uod
177 1989 312 2037 passim
326 1988 423 2024 tristi
438 1989 561 2035 aliquo
583 1989 774 2036 praeteriti
791 1991 968 2038 temporis
981 1991 1163 2026 desiderio
1179 1992 1309 2027 tacitus
1327 2005 1367 2028 ιη
1386 1993 1459 2028 suis
1481 1992 1704 2028 carminibus
1726 1993 1790 2029 in-

61 2003 210 2086 dicavit.
239 2036 316 2072 .Ita
337 2047 395 2071 res
417 2046 533 2082 quum
554 2047 593 2069 se
613 2035 793 2088 baberent
804 2061 817 2078 ‚
853 2036 967 2072 homo
990 2036 1218 2091 aegritudine
1249 2044 1286 2073 et
1315 2038 1465 2073 tristitia
1494 2038 1611 2073 animi
1633 2038 1790 2084 afflictus

65 2090 129 2120 aut
141 2083 188 2119 ab
203 2082 305 2119 omni
318 2081 544 2123 mortalium,
560 2092 624 2127 qul
634 2086 736 2116 tanta
749 2082 866 2117 animi
880 2081 1177 2117 dissimilitudine
1190 2083 1238 2118 ab
1253 2096 1298 2118 eo
1312 2083 1576 2130 discrepabant,
1589 2091 1790 2122 consuetu-

63 2129 150 2165 dine
159 2127 418 2170 abhorruisset,
433 2133 497 2162 aut
505 2126 728 2173 gravissimis
737 2126 880 2172 jactatis
896 2128 1053 2174 querelis
1064 2140 1124 2161 eos
1135 2139 1244 2178 quam
1255 2129 1571 2163 vehementissime
1582 2130 1789 2177 reprehen-

65 2175 194 2209 dissetz
222 2181 260 2209 at
269 2173 454 2220 lepor-ille
465 2172 633 2215 festivus,
657 2183 729 2219 quo
741 2172 917 2208 Ho'ratius
928 2173 1117 2215 excelluit,
1137 2181 1178 2208 ut
1188 2185 1314 2209 rerum
1325 2174 1573 2210 humanarum
1585 2175 1789 2214 vanitatem

64 2220 209 2269 placido
221 2221 328 2256 vultu
339 2219 540 2262 derideret,
562 2217 693 2254 effecit.
718 2217 907 2267 Ubieuim
926 2219 1122 2255 hominum
1137 2219 1229 2254 vitia
1248 2227 1286 2255 at
1311 2232 1357 2255 ue
1368 2231 1514 2255 errores
1526 2221 1681 2257 Horatii
1702 2236 1789 2260 sen-

65 2265 181 2302 tiendi
203 2265 457 2312 cogitandique
471 2265 604 2300 rationi
618 2265 881 2313 repugnabant,
898 2266 1045 2312 et'quae
1066 2265 1192 2314 inepta
1203 2232 1406 2314 stolidaque
1424 2266 1580 2315 sapienti
1595 2277 1786 2316 apparent,

65 2312 111 2350 ab
124 2310 272 2348 homine
288 2311 410 2359 aliquo
427 2312 539 2348 stulto
556 2318 592 2347 et
603 2311 738 2348 insulso
753 2311 869 2348 veluti
883 2323 941 2348 res
959 2312 1118 2349 eximiae
1133 2324 1175 2349 ae
1190 2313 1400 2361 praeclarae
1412 2313 1668 2361 laudabantur,
1678 2322 1786 2365 poeta
