1960 2683
941 85 1079 155 15,

101 224 210 260 titum
232 221 342 271 plane
365 219 592 269 respondisse
613 219 767 274 quisque
789 218 974 255 concedet.
1030 217 1129 253 Nam
1153 216 1354 264 permultas
1375 214 1633 264 hujuscemodi
1655 227 1714 253 res
1736 216 1834 252 vitae

101 270 284 306 humanae
308 278 519 302 communes
542 273 671 316 vegeta
692 265 764 300 s1bi
786 273 911 300 mente
927 263 1074 300 finxisse
1123 269 1243 298 oetam
1265 263 1467 300 verisimile
1489 270 1553 299 est.
1592 263 1666 299 Sed
1680 272 1729 298 ne
1743 261 1836 297 ube-

101 316 202 351 riore
225 320 263 349 et
285 312 439 348 verbosa
462 324 589 349 rerum
611 310 825 348 narratione
848 310 994 345 lectoris
1016 274 1181 344 taedium
1204 316 1387 352 moveret,
1423 309 1656 358 cogitationis
1672 308 1839 361 ubertati·

91 368 275 407 ‘tanquam
299 357 413 395 frenis
436 357 581 406 injectis
604 357 725 394 subito
750 367 960 391 sermonem
981 354 1117 391 insistit
1138 354 1245 389 vultu
1267 355 1456 401 graviore,
1482 369 1555 410 quo
1577 355 1748 405 profiteri
1771 366 1834 390 vi-

100 407 226 444 detur:
252 404 357 441 vobis
379 405 545 441 nulla-re
569 402 748 440 contentis
772 413 858 439 sane
881 402 1002 438 multa
1023 401 1118 443 alia,
1142 411 1258 447 eaque
1280 411 1411 448 magna
1432 402 1523 438 vitio
1547 403 1644 439 verti
1692 410 1832 447 ossum,

100 451 165 487 sed
197 463 243 486 ne
267 462 331 486 vos
356 451 505 487 tandem
528 448 737 486 exacerbati
759 458 821 483 me
844 447 932 483 casti
957 454 1100 484 atorem
1121 445 1344 494 plagiarium
1367 449 1610 494 exprobretis:
1679 462 1745 486 am
1766 459 1834 483 sa-

101 496 149 532 tis
174 502 250 533 est.-
272 509 319 533 ne
333 507 403 533 ·me
427 495 597 545 Crispini
618 493 762 531 scrinia
785 492 886 549 lippi
912 460 1003 530 ἄνη
1031 492 1144 528 ila-sse
1159 498 1281 541 putes·
1298 490 1454 528 verbum
1471 506 1545 529 non
1568 496 1734 545 amplius
1757 492 1833 531 ad-

99 543 209 586 dam,
235 555 346 591 quem
368 543 518 579 doctum
543 539 753 590 ἄρετάλογον
777 546 892 576 etiam
915 539 1004 576 alibi
1026 540 1120 584 (Sat.
1138 539 1167 575 Ι.
1188 538 1224 582 5,
1254 538 1352 584 159.)
1374 539 1467 574 risui
1490 539 1601 575 dedit.

236 633 321 671 Jam
344 645 433 670 vero
457 632 524 677 iis,
557 643 652 679 quae
675 630 721 667 de
745 630 958 667 oeconomia
986 630 1096 679 hujus
1118 630 1253 669 satirae
1275 629 1330 666 dis
1358 635 1458 666 utata
1480 637 1584 674 suut,
1620 638 1718 669 recte
1739 636 1830 681 per-³

99 681 390 729 pensiskneque-
402 680 441 715 in
464 691 509 713 ea
531 677 852 719 rerumrordinem
876 677 1096 720 desiderari,
1121 689 1238 723 neque
1262 677 1302 711 iu
1352 688 1397 711 ne
1419 677 1595 713 orationis
1618 678 1830 715 conforma-

97 727 239 761 tionem
262 725 451 760 duriorem
473 735 553 758 esse
577 722 822 765 existimabis,
846 732 888 759 ut
911 735 997 759 cum
1020 721 1240 768 Heindorfio
1262 722 1334 758 hoc
1356 733 1516 764 carmen,
1539 723 1626 759 licet
1648 737 1725 760 non
1746 737 1831 760 om-

98 772 205 807 nibus
227 770 302 806 suis
324 769 490 805 numeris
513 768 723 805 absolutum
746 780 822 805 esse
845 769 1035 812 assentias,
1066 769 1232 817 primum
1255 767 1364 815 hujus
1386 768 1530 815 generis
1552 770 1737 817 specimen
1759 781 1833 824 pu-

97 816 254 853 tandum
276 827 352 851 esse
376 827 539 857 censeas,
571 815 769 862 verbaque,
793 815 925 862 quibus
947 815 1071 863 prima
1092 815 1208 862 Epist.
1232 814 1298 850 lib.
1323 816 1353 850 I.
1380 814 1425 849 ad
1446 815 1701 853 Maecenatem
1722 822 1833 855 missa

97 862 262 898 orditum
300 860 439 898 Prima
466 861 566 897 dicte
591 860 700 905 mihi,
714 864 873 906 'summa
897 860 1057 898 dicende
1080 860 1270 897 Camoen‘a
1288 886 1298 905 ,
1332 872 1437 896 sensu
1470 861 1654 898 strictiore
1682 862 1728 898 ad
1760 863 1832 899 hoc

97 920 244 945 carmen
257 934 268 952 ,
294 920 366 956 quo
389 908 555 956 primum
578 907 785 946 Satirarum
805 907 948 945 librum
969 907 1108 944 fautori
1129 919 1195 944 suc
1214 907 1477 944 humanissimo
1489 915 1595 956 grato
1611 908 1737 946 animo
1761 909 1830 945 de·-

97 954 235 992 dicavit
256 960 377 1005 poeta,
402 954 552 991 referas.

234 1047 369 1095 Neque,
387 1058 448 1082 me
472 1046 642 1082 audacius
666 1044 811 1084 fabulae
832 1060 909 1084 non
933 1047 1095 1084 scenicae
1117 1045 1230 1083 finem
1250 1057 1320 1095 ope
1338 1053 1513 1101 tanquam
1535 1050 1660 1084 vultus
1681 1055 1830 1085 senten-

96 1094 157 1130 tiis
181 1093 433 1141 congruentis,
470 1093 508 1129 id
533 1093 631 1140 quod
653 1093 764 1129 hodie
788 1094 890 1141 signo
915 1094 1064 1141 abrupti
1084 1093 1264 1128 sermonis
1289 1094 1327 1128 in
1350 1100 1574 1140 scriptorum
1597 1095 1703 1131 libris
1725 1094 1828 1130 indi-

96 1147 219 1176 catum
242 1139 429 1187 videmus,
454 1151 539 1174 cum
562 1139 705 1185 reliquo
723 1139 794 1175 hoc
812 1140 988 1183 carmine,
1012 1148 1054 1174 ut
1067 1145 1185 1174 totum
1203 1139 1263 1180 sit,
1289 1138 1520 1175 ccn‘unxisse
1537 1139 1709 1184 arbitror,
1730 1140 1830 1194 quod

97 1186 220 1233 forma
240 1184 379 1231 dialogi
402 1184 600 1219 satirarum
624 1183 742 1220 indoli
764 1185 940 1232 propria,
964 1196 1058 1232 quae
1081 1189 1235 1231 propter
1255 1151 1500 1228 vivi‹fiorem‚
1525 1198 1597 1232 qua
1619 1186 1830 1234 insignitur,

96 1231 301 1267 orationem
315 1230 475 1265 ‘scenicis
498 1230 670 1276 proxime
694 1231 834 1266 accedit
856 1230 1012 1272 fabulis,
1036 1230 1131 1265 hanc
1144 1240 1226 1265 rem
1242 1230 1310 1264 etsi
1331 1242 1407 1266 non
1422 1231 1594 1278 probare,
1617 1238 1742 1267 tamen
1763 1244 1833 1267 ex-

95 1288 223 1313 cusare
237 1275 332 1311 mihi
349 1275 500 1322 quidem
516 1275 674 1311 videtur.
723 1275 780 1311 Re
803 1287 891 1311 vera
910 1282 1037 1312 autem
1053 1279 1202 1311 carmen
1223 1275 1413 1312 satiricum
1436 1288 1523 1312 cum
1544 1276 1748 1314 dramatico
1812 1297 1834 1305 -

97 1335 185 1360 nere
235 1334 356 1357 oeseos
387 1321 565 1357 affinitate
594 1320 753 1375 quadam
774 1321 946 1368 junctum
969 1334 1064 1364 esse,
1098 1322 1318 1368 multisque,
1343 1322 1474 1369 quibus
1498 1323 1660 1359 scenicae
1682 1323 1746 1360 fab
1787 1336 1831 1359 ae

96 1370 199 1417 splen
226 1374 307 1410 ent,
330 1366 529 1403 virtutibus
551 1367 693 1415 insigne
716 1379 812 1412 esse,
837 1368 915 1414 jam
939 1380 986 1403 ex
1007 1368 1139 1404 satirae
1161 1379 1338 1403 romanae
1360 1368 1505 1416 origine
1526 1380 1640 1417 supra
1661 1382 1831 1406 comme·
1854 1368 1860 1374 ⁸

96 1422 242 1452 morata
270 1414 398 1468 liquet.
461 1414 533 1449 Rei
556 1413 657 1450 enim
679 1420 832 1459 naturae
856 1414 1050 1456 convenit,
1078 1413 1245 1449 homines
1270 1419 1543 1460 praetereuntes
1565 1422 1676 1463 atque
1696 1416 1828 1459 socios,

97 1473 212 1510 quum
236 1459 337 1498 festis
361 1459 488 1496 diebus
512 1459 559 1496 ab
582 1459 783 1507 agrestibus
805 1460 910 1495 laetis
932 1472 1001 1508 per
1023 1459 1153 1495 ludum
1175 1468 1214 1494 et
1234 1459 1358 1505 jocum
1373 1459 1641 1504 deriderentur,
1675 1473 1751 1498 non
1770 1470 1830 1498 ta-

97 1509 187 1544 citos
217 1518 293 1542 sese
317 1506 523 1542 derisorum
551 1506 776 1554 petulantiae
799 1505 998 1549 dedidisse,
1035 1505 1102 1541 sed>
1121 1505 1310 1560 regessisse
1332 1505 1452 1553 potius
1475 1508 1663 1551 convicia,
1696 1508 1829 1555 quibus

94 1561 235 1590 temere
258 1552 509 1596 vexabantur,
550 1558 587 1598 et
617 1552 710 1588 dure
742 1565 784 1588 ac
806 1552 940 1588 rustice
963 1551 1078 1588 verba
1101 1550 1236 1587 fudisse
1259 1552 1352 1587 salsa
1374 1559 1410 1587 et
1432 1551 1572 1588 ludicra
1595 1554 1832 1591 verisimilli-

95 1612 201 1636 mum
223 1605 288 1634 est.
335 1597 389 1642 Ut
412 1598 624 1634 Theocritei
645 1604 829 1646 pastores,
864 1598 937 1635 Vir
960 1598 1083 1634 illiani
1104 1598 1292 1633 Menalcas
1313 1603 1350 1632 et
1371 1597 1566 1634 Damoetas
1588 1599 1668 1635 Ecl.
1692 1600 1762 1635 111.
1791 1608 1831 1637 et

94 1656 243 1682 scurrae
265 1644 305 1679 in
327 1644 477 1679 Horatii
500 1644 576 1679 Sat.
605 1657 620 1679 1
634 1670 644 1687 ,
669 1645 713 1680 5:
735 1644 789 1680 sic
809 1644 909 1680 haud
959 1643 1044 1680 ubic
1067 1643 1234 1680 homines
1257 1643 1319 1680 isti
1338 1650 1375 1680 et
1392 1644 1509 1681 animi
1527 1651 1566 1681 et
1582 1645 1748 1694 corporis
1762 1659 1829 1683 ro-

94 1693 186 1729 bore
208 1691 370 1728 valentes
392 1690 688 1726 cavillationibus
711 1697 749 1726 et
765 1689 937 1726 ludibriis
954 1691 1050 1726 alter
1062 1691 1223 1726 alterum
1240 1691 1510 1738 superaverint,
1534 1697 1572 1727 et
1587 1686 1829 1740 quod'e'xem-

94 1740 202 1787 plum
223 1736 403 1773 Horatius
426 1736 500 1772 Sat.
528 1746 559 1782 7.
587 1737 632 1774 28
645 1762 655 1780 ,
681 1742 724 1773 ut
745 1736 912 1773 nimiam-
925 1736 971 1772 P.
992 1735 1137 1783 Rupilii
1151 1735 1379 1771 Praenestini
1401 1737 1642 1773 acerbitatem
1657 1744 1695 1774 et
1708 1740 1830 1778 male-

94 1784 312 1825 dicentiam,
337 1794 410 1836 qua
432 1783 549 1819 Persii
563 1782 791 1819 clazomenii
812 1781 980 1818 convicia
1001 1781 1210 1830 regerebat,
1233 1787 1537 1829 repraesentaret,
1560 1796 1583 1819 o
1610 1784 1703 1820 time
1722 1781 1831 1822 adhi-

94 1831 196 1872 buit,
236 1841 313 1866 non
342 1841 403 1865 me
430 1836 466 1864 te
496 1829 541 1864 ad
563 1829 727 1878 primam
757 1835 793 1864 et
814 1828 1097 1865 vetustissimam
1121 1828 1316 1863 satirarum
1337 1827 1502 1864 formam
1523 1796 1674 1865 refigi-es.
1722 1830 1830 1877 Quae

96 1878 109 1913 i
135 1879 211 1911 itur
231 1875 383 1910 Flaccus
403 1841 484 1928 PEp.
508 1876 556 1918 ΙΙ,
586 1888 618 1918 1,
647 1875 725 1921 139.
748 1875 832 1911 coll.
860 1886 897 1910 v.
925 1872 991 1910 145
1024 1874 1071 1909 de
1093 1873 1315 1909 Fescennina
1337 1873 1487 1909 licentia
1510 1876 1677 1919 monuit,
1713 1878 1827 1912 etiam

96 1889 141 1958 dge
157 1921 270 1956 satira
284 1919 463 1955 affirmari
485 1921 584 1963 licet,
608 1933 701 1967 quae
716 1933 763 1956 ex
780 1921 909 1956 eadem
932 1920 1090 1958 lascivae
1111 1919 1306 1955 hilaritatis
1318 1919 1523 1967 petulantia
1564 1931 1728 1958 rocreata
1740 1934 1828 1959 ver-

94 1969 194 2005 sibus
217 1966 386 2008 alternis,
411 1966 541 2013 quibus
565 1966 765 2014 opprobria
786 1967 923 2003 rustica
945 1965 1121 2004 fuderunt
1149 1964 1345 2016 agricolae
1366 1964 1507 2016 prisci,
1558 1975 1656 2005 ortes
1677 1981 1827 2017 parvo-

98 2027 170 2065 que
192 2012 311 2056 beati,
337 2011 503 2063 Condita
545 2019 601 2048 ost
605 2012 827 2061 frumenta,
851 2013 1083 2061 perspicuam
1104 2012 1188 2047 satis
1203 2012 1350 2059 primae
1361 2012 1560 2049 satirarum
1576 2013 1719 2048 formae
1740 2026 1827 2063 spe-

96 2062 192 2097 ciem
214 2058 433 2108 supeditant.
534 2071 598 2094 uos
621 2071 736 2106 quum
758 2065 957 2107 praeterea
984 2070 1109 2095 versus
1138 2058 1299 2094 alternos
1328 2070 1417 2094 cum
1438 2065 1543 2095 motu
1565 2064 1602 2095 et
1620 2059 1826 2106 saltatione,

97 2119 192 2155 quae
223 2118 344 2142 comes
375 2111 429 2141 est
459 2105 614 2154 ingentis
638 2105 754 2141 animi
776 2105 958 2149 laetitiae,
989 2105 1199 2154 conjunctos
1226 2103 1338 2140 fuisse
1360 2112 1591 2152 compertum
1612 2105 1827 2151 habeamus,

94 2166 140 2188 ea
163 2152 387 2188 rusticorum
408 2152 572 2187 ludibria
584 2151 757 2199 proxima
779 2150 931 2187 fuerunt
952 2151 1049 2187 ludis
1069 2149 1231 2192 scenicis,
1255 2155 1297 2185 ut
1317 2152 1566 2198 posoea'salva
1586 2151 1732 2198 priscae
1753 2153 1828 2190 hu-

97 2200 154 2245 jus
177 2198 430 2233 oblectationis
455 2207 586 2234 natura
609 2197 775 2234 ludiones
798 2209 844 2233 ex
867 2197 1019 2233 Etruria
1042 2196 1149 2232 acciti
1171 2195 1351 2232 facillime
1373 2208 1432 2232 eas
1447 2202 1600 2235 saturas
1618 2197 1711 2246 (hoc
1726 2201 1828 2236 enim

96 2243 247 2280 nomine
270 2243 400 2279 Livius
424 2244 489 2279 lib.
516 2256 558 2298 7,
585 2255 605 2279 2
632 2244 790 2292 primos,
817 2243 880 2290 qui
903 2249 990 2279 tunc
1013 2242 1057 2278 ab
1080 2242 1243 2279 Etruscis
1265 2243 1422 2278 instituti
1443 2249 1552 2278 erant
1572 2243 1737 2289 Romae,
1766 2249 1829 2281 lu-

97 2291 168 2326 dos*
185 2288 343 2326 scenicos
367 2290 617 2338 appellavit,)
648 2302 775 2328 scenae
798 2289 1094 2336 accomodarent,
1131 2300 1264 2337 easque
1296 2288 1415 2327 modis
1444 2288 1624 2339 impletas
1647 2291 1828 2340 descripto
