1960 2683
74 400 78 401 ⁷
131 405 243 441 quam
267 394 359 428 lm'm

976 88 1014 130 '5

266 209 362 246 Rem
387 203 439 245 ita
455 219 501 248 ‚se
516 206 673 251 habere,
698 217 775 244 non
798 190 1004 249 dubitabit,
1027 203 1270 259 qui—animum
1283 203 1487 242 adverterit
1500 202 1547 239 ad
1561 201 1772 258 honestatis,
1820 218 1868 242 ua

129 251 309 300 Horatius
333 253 548 290 educatione
570 254 686 302 patris
710 259 765 288 est
787 251 974 298 imbutus,
1014 257 1235 298 virtutisque
1255 264 1413 295 sensum,
1437 251 1586 300 qualem
1609 250 1770 298 s1mp1ex
1790 252 1868 294 ila,

130 303 194 339 sed
207 302 404 339 literarum
421 300 542 337 studio
557 305 734 347 tanquam
749 297 934 346 perpolita
947 303 1116 351 veterum
1129 296 1384 335 Romanorum
1426 297 1577 343 rohitas,
1591 295 1730 352 ‘Flacco
1745 303 1868 351 nostro

128 347 301 400 Pr⁰⁹¹'i⁶⁵’
336 347 581 428 ‘2222022‘111
606 349 1191 427 Qffffifflffiffiffl
1202 343 1869 438 pssussffiffirfflussussffioffifflssssss

131 440 228 490 tium
252 439 348 475 lucri
369 439 533 476 studium
555 404 695 487 gie'nuit.
719 468 722 471 Δ

271 523 421 560 Etenim
446 535 562 571 quum
586 522 728 571 prinics
751 520 921 570 puer-itae
943 533 1059 557 annos
1081 520 1259 556 Horatius
1282 532 1355 556 non
1378 521 1499 556 solum
1520 521 1561 557 in
1582 521 1694 559 domo
1715 529 1869 571 paterna

134 582 216 606 cum
239 577 346 625 patre
368 569 491 617 probo
509 568 760 617 transegisset,
799 567 863 603 sed
887 577 995 615 gente
1017 578 1090 621 quo
1115 579 1162 603 ue
1192 580 1278 603 usus
1308 576 1400 603 esset
1421 567 1542 603 labori
1553 575 1704 608 ,assueta
1724 576 1762 605 et
1783 582 1870 605 mo·-

132 629 219 652 rum
241 616 443 663 integritati
463 615 621 657 addicta,
645 626 761 661 eaque
775 614 898 662 dig-na,
922 625 1016 660 quae
1028 626 1068 649 in
1109 613 1328 661 escriptione
1339 613 1376 658 *)
1399 625 1509 659 verae
1528 613 1732 658 felicitatis,
1756 627 1869 662 quam

131 662 285 712 praebet
307 663 407 700 vitae
430 661 589 697 rusticae
608 659 814 708 frugalitas,
838 659 1100 694 documentum
1149 659 1317 694 robitatis
1339 658 1438 694 inter
1460 666 1616 707 agrestes
1637 672 1706 708 pro
1757 673 1868 697 nere-

133 715 213 744 tur:
238 708 329 745 haec
351 708 430 755 ipsa
452 719 510 741 res
527 706 690 741 multum
703 705 750 741 ad
765 705 844 753 ejus
859 711 1019 741 mentem
1034 717 1125 740 exeo
1141 705 1274 741 endam
1290 705 1484 741 contulisse
1499 706 1656 741 videtur.
1746 707 1869 742 axime

133 764 224 789 vero
248 759 376 800 pater,
401 752 465 798 qui
489 751 575 786 filio
591 751 791 799 praeclaris
813 760 969 787 naturae
992 751 1137 786 dotibus
1159 753 1338 786 instructo
1362 750 1582 798 praeprimis
1605 763 1759 794 verum,
1797 764 1868 801 quo

133 799 213 845 ipse
236 797 436 845 gaudebat,
461 797 721 833 Romanorum
742 797 911 835 animum
935 796 1117 833 instillare
1139 796 1360 841 conabatur,
1391 809 1438 832 ne
1463 797 1518 832 vis
1541 796 1722 844 quaedam
1740 797 1871 834 infesta

100 841 112 853 ⁶
135 849 276 880 castum
297 843 413 891 pueri·
429 843 597 879 animum
620 844 726 890 quasi
748 843 897 880 venenis
919 843 1026 879 malis
1047 843 1250 886 imbueret,
1264 855 1403 879 curam
1426 842 1644 886 adhibebat,
1677 844 1869 897 exemplis,

134 901 230 936 quae
251 889 349 927 hona
372 889 466 931 sint,
489 901 583 936 quae
605 891 725 931 mala,
756 889 901 933 docens.
948 889 1024 932 Ita,
1058 889 1148 935 quid
1171 889 1289 924 virtus
1310 888 1447 936 prosit,
1477 888 1567 936 quid
1597 889 1693 925 obsit
1722 889 1869 932 vitium,

133 936 237 972 velut
258 934 327 971 sub
350 934 564 983 adspectum
588 935 692 971 venit
713 934 897 978 Horatio,
920 946 1015 982 quae
1037 934 1152 983 igitur
1166 935 1222 971 rei
1235 946 1276 970 co
1331 934 1339 941 '
1358 934 1413 977 io,
1436 946 1510 981 quo
1528 935 1695 983 vegetior
1715 935 1800 979 fuit,
1825 948 1870 971 eo

134 981 284 1017 altiores
304 981 379 1029 egit
400 981 553 1028 radices.
576 1022 581 1026 „
600 981 715 1018 Vitae
738 981 839 1017 enim
866 980 1067 1029 integritas,
1090 981 1251 1016 suavitas
1272 943 1523 1024 ffianitafis,
1546 980 1727 1017 fortitudo
1748 982 1871 1018 conti-

133 1028 280 1072 nentiae
303 1036 340 1063 et
361 1027 584 1063 constantiae
606 1027 788 1075 gravitas,
827 1038 916 1074 quas
945 1026 1101 1062 virtutes
1129 1033 1255 1074 postea
1273 1026 1415 1062 multis
1444 1026 1670 1072 carminibus
1692 1027 1871 1071 laudavit,

77 1108 85 1111 .
136 1074 255 1121 sagaci
278 1073 391 1128 ipsius
414 1075 530 1110 menti
554 1074 594 1110 in
616 1073 730 1109 variis
753 1074 854 1110 vitae
877 1072 1148 1110 conditionibus
1171 1072 1434 1109 saluberrimos
1456 1074 1623 1109 tulerunt
1643 1072 1797 1117 fructus,
1818 1074 1873 1110 si—

134 1121 210 1156 cuti
232 1120 324 1156 vitia
358 1120 433 1156 illis
463 1119 663 1155 virtutibus
697 1119 865 1167 opposita
886 1126 1063 1167 tanquam
1086 1118 1253 1167 pestiferi
1275 1118 1460 1155 felicitatis
1481 1119 1665 1162 humanae
1685 1119 1874 1156 confecto-

135 1178 193 1201 res
218 1166 296 1213 ejus
319 1166 443 1201 animo
465 1165 768 1201 obversabantur.
1295 1164 1299 1170 “

273 1248 315 1284 Si
338 1248 418 1295 quis
441 1257 566 1284 autem
581 1254 805 1296 praecepta,
840 1235 935 1301 quae
957 1247 1117 1283 Horatio
1141 1247 1215 1283 Sat.
1240 1247 1271 1291 Ι,
1294 1247 1331 1295 4,
1359 1258 1424 1294 107
1441 1267 1463 1275 -
1479 1258 1545 1284 120
1569 1260 1592 1283 a
1613 1254 1721 1296 patre
1741 1248 1876 1285 tradita

139 1296 313 1342 leguntur
325 1320 338 1336 ,
364 1294 561 1341 diligenter
576 1294 905 1341 circumspexerit,
923 1293 1035 1329 illum
1049 1294 1108 1329 vel
1127 1300 1268 1341 postea,
1292 1305 1407 1340 quum
1421 1294 1565 1329 Romae
1576 1294 1773 1330 literarum
1797 1301 1876 1331 stu-

137 1340 200 1376 dio
221 1352 257 1375 se
275 1339 431 1375 dedisset
443 1339 556 1383 filius,
574 1340 610 1375 ei
626 1351 780 1386 gravem
795 1345 906 1392 atque
927 1338 1143 1386 diligentem
1165 1339 1364 1375 honestatis
1387 1340 1594 1382 custodem,
1619 1352 1668 1375 ne
1690 1341 1875 1377 ‘scelerum

141 1395 233 1422 tuuc
255 1385 294 1421 in
319 1385 411 1421 urbe
433 1385 737 1421 invalescentium
761 1384 869 1429 undis
937 1384 1049 1427 riret,
1072 1384 1231 1420 adfuisse
1244 1383 1425 1419 con·iciet.
1474 1385 1561 1430 Qua
1582 1385 1795 1432 conjectura
1816 1398 1878 1422 me

143 1444 165 1467 a
179 1431 338 1467 veritate
361 1443 436 1466 non
460 1430 659 1473 aberrasse,
683 1430 849 1484 egregius
873 1429 886 1465 i
918 1441 939 1464 e
961 1430 1063 1466 locus
1079 1430 1152 1472 Sat.
1177 1430 1209 1472 Ι,
1233 1428 1269 1473 6,
1318 1430 1435 1476 2-78,
1458 1430 1524 1466 ubi
1540 1430 1794 1467 Maecenatem
1816 1433 1877 1468 al-

146 1478 290 1514 locutus
315 1483 441 1525 apcrte
465 1477 646 1520 omnium,
670 1489 764 1524 quae
786 1489 828 1512 m
848 1476 923 1512 suis
946 1476 1114 1512 moribus
1131 1475 1241 1512 laude
1257 1475 1368 1524 digna
1384 1482 1598 1525 appareant,
1619 1475 1764 1513 fontem
1785 1491 1879 1527 ape-

136 1524 205 1567 rit,
230 1523 474 1571 comprobare
496 1523 655 1559 videtur.

280 1607 409 1654 Itaque
437 1614 546 1690 {tter
567 1607 656 1644 dum
679 1613 838 1656 egestate
859 1606 998 1656 magis,
1034 1617 1146 1654 quam
1170 1606 1361 1655 opulentia
1382 1606 1588 1655 praeditus,
1619 1614 1663 1644 ut
1682 1606 1780 1645 filius
1794 1608 1877 1646 Ro-

140 1666 224 1690 mae
247 1660 411 1689 mentem
489 1666 535 1689 ne
567 1653 881 1701 et4progressioni
912 1665 957 1688 eo
980 1662 1149 1699 tempore
1169 1652 1211 1687 in
1232 1653 1428 1690 literarum
1449 1653 1578 1689 studiis
1600 1652 1718 1689 factae
1740 1665 1878 1690 conve-

139 1700 285 1735 nienter
307 1698 494 1735 excoleret
516 1705 754 1746 aenei-etque,
785 1710 935 1734 omnem
961 1697 1200 1745 impendebat
1222 1710 1398 1753 operam:
1444 1710 1493 1735 ne
1524 1699 1638 1736 simul
1665 1699 1744 1736 vita
1770 1701 1879 1738 molli

142 1758 187 1781 ac
212 1744 370 1781 delicata
395 1745 508 1780 animi
532 1745 659 1789 robur,
685 1756 757 1792 quo
780 1744 941 1781 Romani
964 1743 1136 1791 antiquae
1158 1744 1353 1792 probitatis
1375 1745 1475 1781 inter
1495 1747 1666 1793 aequales
1688 1747 1879 1783 excellue-

142 1798 243 1835 runt,
267 1792 307 1827 in
332 1803 375 1826 eo
399 1790 686 1839 infringeretur,
711 1797 748 1825 et
770 1790 846 1829 ista
862 1789 1035 1834 vanitate,
1060 1800 1154 1843 quae
1176 1790 1287 1836 pestis
1300 1791 1517 1826 instarcum
1535 1791 1781 1828 barbaromm
1796 1793 1881 1840 opi-

141 1838 209 1872 bus
233 1843 270 1871 et
292 1837 460 1871 doctrina
484 1837 524 1871 in
547 1836 684 1884 Reguli
705 1842 743 1870 et
765 1835 912 1877 Catonis
942 1834 1132 1871 domicilia
1165 1837 1275 1870 allata
1300 1835 1560 1872 Romanorum
1582 1836 1788 1875 medullam
1810 1849 1880 1874 ex-

140 1882 287 1925 edebat,
326 1882 535 1918 carissimus
558 1883 629 1927 sibi
652 1881 859 1928 adolescens
880 1881 1075 1918 levissimis
1097 1886 1207 1928 atque
1227 1881 1365 1929 ineptis
1382 1881 1618 1925 hominibus,
1677 1895 1768 1920 rava
1790 1897 1879 1920 eru—

142 1928 283 1963 ditione
305 1928 421 1969 elatis,
446 1928 580 1973 quibus
602 1929 725 1963 Roma
747 1928 897 1973 luxuria
920 1927 1090 1963 diffluens
1111 1932 1148 1960 et
1166 1927 1330 1962 moribus
1352 1930 1474 1963 soluta
1497 1928 1644 1963 abunda
1658 1935 1720 1970 ›at,
1743 1929 1878 1975 junge-

141 1979 264 2015 retur,
295 1984 441 2007 summa
470 1972 510 2007 vi
533 1984 577 2007 ac
607 1973 803 2008 severitate
830 1972 1084 2021 praecavebat.
1140 1970 1246 2018 Quae
1279 1972 1429 2020 quidem
1452 1972 1621 2009 educatio
1642 1973 1816 2022 prudenti
1835 1985 1879 2011 ac
1900 2017 1905 2019 ἢ

141 2018 271 2056 sedulo
295 2018 413 2067 patri,
448 2030 520 2066 quo
543 2017 666 2055 minus
687 2019 852 2066 pretium
874 2019 1037 2056 Romani
1059 2018 1250 2072 depravati
1274 2026 1481 2056 statuerunt
1502 2020 1654 2062 virtuti,
1687 2031 1732 2054 eo
1760 2021 1880 2067 magis

143 2065 247 2102 laudi
265 2072 318 2100 est
330 2079 342 2109 3
367 2065 552 2100 obcaecati
573 2066 673 2100 enim
696 2064 789 2100 falsa
805 2065 992 2111 opinione,
1017 2066 1205 2100 hommem
1227 2065 1423 2101 conciliata
1443 2065 1515 2100 sibi
1538 2071 1617 2100 arte
1638 2064 1786 2100 divitias
1808 2066 1882 2101 ho-

141 2123 269 2155 nores,
293 2110 494 2165 populique
522 2110 680 2158 gratiam
704 2111 965 2159 comparandi,
989 2111 1068 2156 siue
1089 2110 1167 2147 ulla
1190 2109 1343 2148 virtutis
1361 2110 1614 2148 aestimatione
1637 2109 1730 2148 bene
1752 2111 1883 2149 vivere

138 2169 267 2205 posse,
291 2163 605 2193 ex1st1maverunt.

202 2276 233 2316 ¹¹)
251 2261 321 2309 viil.
341 2278 448 2310 Horat.
468 2277 563 2318 Epod.
588 2289 616 2318 2,
637 2279 692 2318 41,
714 2280 763 2311 42.
