1960 2683
956 75 987 115 3
1643 136 1645 141 Δ
1666 103 1682 110 ,

105 205 211 247 atque
233 197 332 234 haud
354 209 438 234 raro
461 194 629 231 homines
650 198 922 245 praetereuntes
944 192 1135 245 sociosque
1146 192 1316 227 ·versibus
1339 188 1511 227 incomtis
1527 183 1717 223 lacessitos
1733 180 1838 217 ludi-

104 245 201 282 ficati
224 245 337 281 fuisse
368 242 552 279 videntur.
610 241 736 288 Quam
759 246 975 286 epimonem
998 238 1180 285 Vlrgnhus
1203 238 1338 287 Georg.
1363 238 1419 281 11,
1444 235 1519 274 585
1539 242 1576 268 et
1600 228 1670 268 586
1698 227 1836 288 proba-

104 292 160 329 vit
183 291 326 327 dicens:
1149 307 1160 319 .

496 351 583 390 Nee
606 364 680 387 non
702 347 886 391 Ausonii,
916 348 1034 393 Troia
1049 361 1144 397 gens
1166 348 1301 389 missa,
1328 348 1452 384 coloni

451 435 457 440 ,
501 397 683 437 Versibus
706 394 880 430 incomtis
903 395 1041 430 ludunt
1063 394 1216 443 risuque
1237 394 1372 429 soluto.

243 491 314 528 His
337 491 437 527 enim
461 489 607 529 verbis,
639 487 771 534 quibus
789 486 973 522 'solemnia
994 485 1204 521 vindemiae
1227 497 1516 520 commemorans
1540 482 1740 531 agrestium
1764 483 1836 530 pe}

105 538 300 574 talantiam
323 543 435 583 atque
454 535 646 572 lasciviam
677 531 868 573 indicavit,
894 531 1104 573 Ausonios,
1134 531 1394 567 vetustissimos
1418 531 1545 565 Italiae
1568 530 1713 565 colonos
1726 551 1737 569 ,
1769 529 1835 571 qul.

105 584 306 620 maximam
328 582 437 629 hujus
458 588 580 617 terrae
602 583 748 627 partem
772 577 864 613 olim
896 577 1095 613 obtinuisse
1118 576 1313 620 dicuntur,
1344 589 1367 612 a
1403 575 1576 612 Thesidis
1607 575 1682 610 sive
1714 571 1835 607 Athe-

107 629 295 665 niensibus
319 627 527 676 distinguit,
563 634 722 674 quorum
745 623 822 659 dies
845 622 955 659 festos
983 623 1024 660 in
1052 623 1147 672 agris
1182 623 1325 659 Baccho
1349 622 1548 659 celebratos
1571 621 1656 657 inde
1678 631 1702 655 a
1724 629 1834 654 versu

107 675 174 714 582
198 675 434 712 laudaverat:
694 696 703 701 ,

444 736 702 786 Praemiaque
726 735 891 787 ingeniis
906 749 1033 786 pagos
1056 742 1093 773 et
1116 735 1281 785 compita
1304 736 1448 773 circum

445 784 635 837 Thesidae
652 796 826 837 posuere,
851 789 964 832 atque
987 783 1086 819 inter
1105 783 1246 833 pocula
1270 783 1363 819 laeti

441 829 626 866 Mollzbus
649 843 690 866 m
706 830 836 879 pratis
859 835 989 866 unctos
1010 829 1160 865 saluere
1176 842 1252 879 per
1274 835 1391 865 utres.

106 906 234 954 Itaque
264 916 411 941 morem
440 904 551 939 modo
584 903 807 951 descriptum
839 891 913 939 uon
940 905 1114 952 patrium
1140 909 1286 940 tantum
1314 909 1425 951 atque
1457 901 1704 938 domesticu-m
1729 895 1840 932 fuisse

106 953 215 989 Maro
240 950 453 999 profitetur,
476 962 608 986 verum
631 950 743 985 etiam
767 959 805 985 et
825 949 896 985 hoc
918 952 999 985 loco
1031 956 1068 985 et
1090 949 1229 997 Georg.
1252 951 1305 993 ΙΙ,
1337 951 1405 996 527
1431 950 1514 984 coll.
1540 948 1676 993 Georg.
1703 945 1741 985 Ι»
1767 941 1836 996 {353

107 999 161 1035 ita
184 1010 265 1033 rem
294 996 491 1040 enarravit,
515 1003 558 1032 ut
578 997 672 1032 hanc
695 995 1045 1043 quidem'Italorum
1068 996 1368 1032 consuetudinem
1391 996 1454 1031 vel
1476 1007 1540 1030 suo
1563 1005 1654 1028 aevo
1678 999 1838 1038 viguisse

107 1043 292 1092 conjicias,
315 1043 377 1078 sed
393 1043 497 1079 illam
512 1042 741 1078 Graecorum
765 1042 1048 1078 oblectationem
1070 1043 1168 1078 inter
1190 1043 1439 1089 agricolarum
1462 1039 1640 1076 solemnia
1661 1044 1839 1083 tanquam

106 1103 189 1127 rem
211 1090 467 1138 perantiquam
490 1098 527 1123 et
550 1089 752 1124 obsoletam
765 1088 812 1123 ab
830 1100 873 1129 eo
889 1094 1032 1123 tantum
1047 1088 1229 1123 memoria
1243 1089 1439 1135 repetitam
1455 1099 1531 1121 esse
1549 1084 1709 1131 colligas.
1758 1080 1839 1132 Acss

108 1136 205 1172 cedit
225 1135 310 1179 huc,
335 1134 433 1182 quod
456 1135 505 1169 A.
540 1133 647 1171 Guil.
661 1132 896 1187 Schlegelius
908 1160 921 1176 ,
945 1134 1007 1169 vir
1022 1146 1107 1169 sane
1124 1133 1364 1181 perillustris,
1384 1133 1424 1169 in
1446 1133 1561 1174 libro,
1582 1142 1692 1178 quem
1716 1127 1762 1163 de
1784 1138 1842 1178 re}

110 1181 273 1217 scenicae
305 1180 499 1227 disciplina
531 1180 681 1226 ejusque
709 1178 796 1214 fatis
821 1191 991 1215 sermone
1020 1179 1218 1215 vernaculo
1243 1179 1467 1227 composuit,
1483 1179 1537 1221 *)
1555 1177 1642 1213 inde
1665 1174 1712 1211 ab
1736 1184 1841 1209 omni

108 1233 277 1274 tempore
308 1225 412 1261 Italis
442 1226 566 1260 dotem
598 1237 673 1259 esse
696 1225 869 1260 collatam
898 1224 1086 1260 incondita
1117 1225 1296 1272 quaedam
1318 1225 1527 1261 carminum
1548 1234 1665 1271 prope
1687 1219 1841 1256 modum

109 1271 280 1321 jucunde,
305 1282 529 1318 quamquam
551 1270 650 1306 haud
673 1283 760 1306 raro
783 1271 918 1306 rustice
941 1283 1086 1318 quoque
1111 1278 1148 1306 et
1170 1271 1282 1314 dure,
1295 1277 1299 1281 “
1313 1271 1501 1319 joculandi
1525 1283 1566 1305 ac
1588 1271 1696 1304 vultu
1717 1271 1843 1320 gestu-

109 1331 180 1366 que
203 1323 426 1365 congruente
447 1317 690 1365 incomposita
712 1316 803 1359 haec
825 1326 965 1352 temere
987 1317 1157 1363 jaciendi.
1181 1330 1251 1365 pro
1275 1325 1373 1354 certo
1397 1315 1608 1353 affirmavit.
1657 1313 1765 1359 Qulu
1785 1323 1843 1350 ea,

135 1374 204 1400 uae
220 1363 356 1399 -Livius
380 1363 445 1398 lib.
470 1363 558 1400 VII.
584 1375 604 1398 2
634 1362 679 1397 de
709 1361 832 1411 prima
854 1362 1028 1398 ludorum
1052 1363 1281 1399 scenicorum
1305 1364 1448 1418 origine
1471 1361 1657 1404 narravit,
1696 1369 1843 1394 morem

109 1411 122 1447 i
140 1413 217 1446 lum
243 1409 560 1446 inconditisffnter
582 1421 620 1445 se
642 1409 822 1456 jocularia
844 1407 1023 1445 fundendi
1045 1409 1233 1453 versibus,
1271 1410 1448 1457 a1qu1bus
1470 1421 1549 1451 non
1569 1406 1698 1442 absoni
1721 1411 1842 1456 motus

111 1463 236 1498 erant,
261 1456 461 1502 antiquitus
484 1456 529 1491 in⁴
547 1455 718 1498 Etruria,
753 1461 878 1500 postea
900 1467 990 1490 vero
1013 1467 1082 1502 per
1103 1456 1262 1502 reliquas
1286 1456 1364 1491 fere
1386 1455 1515 1491 Italiae
1537 1460 1661 1502 partes
1681 1464 1756 1487 esse
1779 1450 1842 1485 d}-

111 1503 317 1550 vulgatum‚
342 1502 586 1549 comprobare
596 1501 690 1537 mihi
713 1500 862 1547 quidem
884 1501 1067 1536 videntur.
1115 1502 1199 1537 Hac
1221 1502 1346 1550 igitur,
1370 1515 1480 1550 quam
1492 1500 1645 1537 liberius
1668 1498 1842 1549 solutius-

111 1562 181 1597 que
204 1548 293 1584 laeti
307 1560 405 1595 prae
427 1560 466 1583 se
482 1548 648 1584 tulerunt
669 1547 873 1595 agricolae,
897 1547 1102 1595 petulantia
1124 1554 1161 1583 et
1190 1549 1410 1596 procacitate
1436 1548 1660 1585 hilaritatem
1689 1545 1843 1580 Horatii

111 1595 236 1632 animo
261 1606 284 1629 a
306 1600 440 1629 natura
463 1603 639 1640 tanquam
662 1594 835 1635 insitam,
854 1593 933 1639 jam
956 1594 1093 1641 puerili
1117 1601 1233 1629 aetate
1254 1596 1449 1630 excitatam
1461 1602 1498 1630 et
1510 1596 1678 1641 leporem
1700 1592 1759 1627 illi
1772 1602 1842 1624 na·-

110 1642 250 1683 tivum,
275 1651 347 1686 quo
371 1641 481 1674 etiam
507 1640 674 1674 carmina
696 1639 742 1673 ab
766 1651 811 1673 eo
834 1639 939 1673 annis
962 1640 1196 1686 provectiore
1209 1641 1415 1686 multasque
1433 1641 1532 1676 vitae
1548 1650 1739 1674 aerumnas
1754 1647 1842 1684 per-

110 1698 214 1734 pesso
239 1683 421 1728 confecta,
447 1685 550 1732 quasi
573 1685 702 1732 vigore
726 1684 885 1731 quodam
908 1684 1076 1733 perfusa,
1099 1685 1339 1730 redundant:
1362 1688 1479 1722 altum
1502 1685 1612 1722 fuisse
1625 1684 1844 1719 adauctum-

112 1745 204 1779 que,
229 1731 336 1767 nobis
357 1731 622 1779 cogitantibus,
646 1730 822 1777 quiequid
843 1743 866 1765 a
888 1732 1012 1778 pueris
1027 1738 1240 1779 perceptum
1264 1732 1403 1776 fuerit,
1421 1732 1532 1768 altius
1544 1732 1584 1767 in
1599 1742 1731 1766 eorum
1754 1740 1842 1777 pec-

111 1784 193 1813 tora
217 1777 454 1819 descendere,
480 1776 693 1823 firmiusque
716 1776 757 1811 in
779 1776 978 1812 visceribus
1001 1777 1175 1819 haerere,
1200 1779 1405 1825 apparebit.
1461 1779 1591 1826 Itaque
1613 1777 1644 1813 si
1666 1775 1845 1813 Horatius

112 1823 209 1860 filius
233 1823 364 1859 satirae
387 1835 564 1870 romanae
587 1829 759 1858 naturam
782 1829 890 1870 atque
913 1823 1078 1866 indolem
1109 1836 1130 1859 e
1153 1825 1293 1860 laetitia
1316 1826 1517 1880 populari,
1550 1837 1645 1872 quae
1666 1824 1737 1861 hoc
1760 1835 1846 1858 car-

111 1883 199 1906 men
222 1870 399 1905 Romanis
421 1870 617 1917 proprium
640 1869 800 1917 peperit,
823 1876 1002 1917 tanquam
1022 1883 1042 1905 e
1065 1877 1225 1906 semente
1247 1878 1447 1908 tenerrima
1469 1874 1547 1918 jam
1572 1877 1689 1907 aetate
1715 1869 1843 1917 cogni-

111 1923 190 1951 tam
213 1915 337 1950 animo
362 1928 427 1950 suo
449 1916 696 1962 impresserit:
743 1915 910 1963 profecto
933 1916 981 1952 ad
1003 1917 1134 1952 mentis
1152 1929 1307 1953 acumen
1323 1925 1360 1954 et
1376 1920 1625 1967 sagacitatem,
1648 1929 1732 1965 qua,
1756 1914 1846 1963 quid

112 1963 324 2004 honestum,
349 1961 438 2009 quid
460 1961 618 2003 bonum,
643 1961 734 2008 quid
758 1968 885 2010 turpe,
910 1963 999 2010 quid
1021 1966 1162 1998 malum
1182 1964 1249 2007 sit,
1291 1976 1450 2013 propere
1479 1966 1519 2001 in
1541 1966 1652 2001 rebus
1674 1961 1843 1999 humanis

114 2007 372 2052 discernimus,
395 2007 556 2041 multum
580 2008 735 2042 contulit
758 2009 979 2044 consuetudo
1003 2010 1135 2056 patriS‚
1168 2010 1232 2054 qui
1254 2009 1374 2051 filium
1398 2012 1579 2058 exemplis
1602 2011 1647 2045 de
1670 2018 1845 2056 perversa

113 2053 308 2088 hominum
334 2052 410 2088 vita
432 2051 597 2099 allegatis
620 2052 855 2098 instituebat3
878 2054 946 2089 hac
969 2055 1068 2090 enim
1092 2054 1307 2091 educatione
1328 2069 1488 2104 puerum
1512 2056 1710 2092 Horatium
1735 2065 1843 2088 mor—

114 2099 248 2135 talium
270 2098 364 2134 vitia
387 2107 423 2133 et
447 2110 608 2145 errores,
654 2098 823 2145 vitaeque
846 2101 1102 2146 perversitates
1125 2101 1270 2137 ma‘ore
1294 2103 1443 2149 quidem
1467 2103 1654 2144 libertate,
1679 2100 1742 2135 sed
1767 2100 1849 2135 sine

115 2145 172 2179 ira
195 2151 306 2191 atque
328 2145 448 2180 studio
471 2150 599 2180 notare
621 2143 802 2187 insuevit,
826 2146 924 2191 quod
947 2146 1024 2193 ipse
1047 2152 1155 2194 poeta
1177 2113 1252 2182 gat.
1280 2148 1316 2192 I,
1348 2149 1382 2183 4.
1413 2147 1586 2185 105-1'06
1607 2147 1824 2196 profitetur·-

173 2267 211 2304 *)
230 2267 327 2298 Ueber
346 2269 468 2299 dramat.
490 2271 588 2300 Kunst
608 2271 667 2301 und
687 2270 813 2304 Litexat.
833 2270 972 2307 Theilbz,

1233 2322 1254 2358 1
1265 2319 1288 2339 s
