1960 2683
966 145 1019 185 11

129 262 226 310 quod
249 260 397 298 tandem
420 260 541 297 Roma
562 260 691 298 relicta
719 259 863 296 avitae
884 257 1049 294 urbanae
1070 257 1246 293 molestiis
1268 267 1451 294 remotum
1472 258 1538 300 iis,
1574 267 1667 302 quac
1692 253 1855 288 maxime

128 308 169 344 in'
194 309 288 344 votis
310 316 432 349 erant,
464 319 500 342 se
529 316 649 342 totum
678 306 767 340 dare
791 303 907 339 licuit.
978 303 1092 350 Cujus
1114 304 1171 342 rei
1201 303 1391 338 dulcedine
1420 309 1623 340 commotus
1645 298 1854 349 profitetur,

126 354 219 397 sibi,
242 351 426 401 quod‘diu
451 353 612 389 maxime
633 352 674 388 in
698 349 794 387 votis
815 348 1008 394 habuisset,
1032 349 1219 386 modicum
1243 355 1280 385 et
1294 361 1489 386 amoenum
1502 361 1634 397 agrum
1646 346 1855 393 contigisse,

130 412 240 447 quam
271 408 313 434 ut
342 398 592 446 frugalitatem
622 397 748 444 paucis
781 402 988 430 contentam
1010 397 1218 432 Mercurius
1241 396 1311 430 hoc
1342 407 1493 430 munere
1515 404 1657 429 servato
1681 402 1719 427 et
1741 402 1854 439 grege

128 450 236 479 aucto
259 450 573 487 remuneraretur,
604 443 701 478 salse
719 450 774 476 est
793 450 983 489 precatus:
1033 441 1110 477 Pin
1138 453 1185 477 ue
1201 453 1320 490 pecus
1346 439 1497 476 domino
1512 438 1640 489 facias
1665 445 1703 475 ee
1726 443 1852 475 cetera

128 495 283 539 praeter
302 489 331 526 I
380 490 518 528 enium.
563 489 712 525 Solutus
733 487 848 536 igitur
868 487 913 522 ab
934 486 1079 523 infinita
1093 500 1116 523 o
1157 488 1299 523 ciorum
1316 486 1564 528 multitudine,
1586 498 1678 532 quae
1701 483 1852 532 quidem

129 547 217 570 eum
239 535 278 570 in
301 503 393 571 uffie
416 550 436 571 a
457 536 581 583 prima
602 537 685 570 luce
707 533 820 569 modo
841 533 932 574 huc,
966 533 1078 567 modo
1100 534 1191 568 illuc
1214 532 1407 579 rapiebant
1428 531 1712 576 trudebantque‚
1735 529 1853 564 faceta.

129 580 331 615 delectatur
356 581 565 616 narratione
587 579 842 626 negotiorum,
865 589 957 624 quae
981 577 1111 613 aliena
1130 584 1279 614 centum
1301 589 1373 626 per
1400 582 1515 626 caput
1538 582 1574 611 et
1596 576 1697 611 circa
1710 573 1854 610 saliunt

130 625 250 669 latus,
270 633 430 673 'eamque
451 637 542 673 prae
564 624 696 673 primis
717 633 881 660 recenset
899 623 998 659 vitae
1021 624 1182 660 urbanae
1203 623 1433 666 molestiam,
1456 634 1548 670 quae
1569 634 1635 657 suo
1657 621 1770 669 ipsius
1791 620 1856 667 inq·

129 672 238 718 genio
262 672 480 719 gravissima
502 670 718 713 videbatur,
741 670 976 717 cupiditatem
999 670 1151 716 inquam
1172 679 1209 704 et
1220 670 1384 705 studium
1398 668 1601 704 hominum
1623 667 1858 714 importuno-

118 728 236 758 rum,
262 716 325 763 qui
346 716 532 759 Flaccum,
555 715 644 763 quid
668 715 758 752 novi
774 715 961 758 acciderit,
985 717 1174 752 consulere
1190 715 1356 751 solebant
1373 714 1496 758 obvii,
1519 723 1556 749 et
1570 713 1668 748 Deos
1683 712 1858 759 quoniam

129 762 284 808 propius
299 761 541 809 contingebat,
567 774 635 809 pei·
648 774 747 805 eum,
772 773 995 809 quamquam
1011 762 1083 798 nisi
1096 762 1369 798 confabulatum
1384 774 1461 797 non
1476 760 1621 796 accessit
1627 757 1673 805 *),
1698 770 1735 793 se
1749 757 1858 794 Mae-

133 807 268 851 cenatis
291 816 328 842 et
350 806 515 844 Caesaris
537 807 733 845 Octaviani
756 807 927 845 favorem
949 818 1205 845 consecuturos
1227 820 1302 843 esse
1322 807 1526 856 sperabant.

152 945 160 954 ι
269 899 351 936 Nec
380 899 502 937 minus
532 899 602 936 hac
624 899 735 940 satira
757 900 899 937 deridet
920 913 994 943 eos,
1018 902 1082 949 qui
1105 902 1176 950 ipsi
1198 909 1370 949 tanquam
1392 901 1505 938 nimis
1525 898 1746 936 Maecenatis
1813 909 1857 932 a-

119 953 206 998 ⁴tiae
229 946 387 982 studioso
411 949 471 982 vel
495 947 659 994 corporis
681 957 826 983 motum
849 956 957 994 atque
979 948 1158 985 incessum
1182 949 1274 984 vitio
1299 948 1491 983 vertebant
1513 945 1698 982 invidiosi.
1755 910 1859 991 {inid

133 1003 235 1044 enim
256 992 401 1036 salsius,
425 1005 536 1040 quam
559 992 697 1028 mentio
716 994 805 1029 irati
827 992 988 1029 hominis
1009 993 1129 1037 facta,
1158 995 1222 1041 qui
1246 994 1467 1035 Horatium,
1504 1004 1620 1039 quum
1642 1002 1752 1025 mane
1776 998 1857 1024 tur-

132 1036 220 1072 bida
242 1044 454 1085 tempestate
477 1038 587 1074 alicui
608 1051 760 1086 sponsor
789 1038 982 1082 adfuisset,
1015 1052 1036 1074 e
1067 1039 1151 1075 foro
1174 1039 1389 1076 redeuntem
1412 1045 1450 1075 et
1471 1038 1511 1073 in
1533 1037 1643 1072 turba
1665 1037 1862 1072 hominum

129 1082 352 1126 luctantem,
377 1084 474 1130 quod
497 1083 600 1120 tarde
623 1084 880 1131 procedentem
903 1084 944 1120 vi
965 1084 1186 1121 submovere
1207 1098 1250 1121 co
1275 1085 1423 1130 ebatur,
1447 1083 1505 1119 his
1519 1081 1726 1131 opprobriis
1738 1082 1862 1117 insec-

131 1133 246 1163 tatur:
280 1129 376 1177 quid
385 1129 457 1165 tibi
470 1130 538 1173 vie,
560 1129 704 1173 imane,
725 1136 760 1166 et
801 1143 893 1166 uam
916 1142 998 1166 rem
1022 1130 1109 1179 agis
1125 1097 1344 1180 improfius?
1412 1130 1609 1175 Postquam
1631 1134 1785 1163 ventum
1809 1134 1864 1161 est

130 1173 179 1208 ad
201 1174 471 1227 Maecenatem,
497 1186 591 1215 ecce,
605 1187 743 1227 ‘servus
765 1143 898 1224 a‘iiquis
921 1176 963 1212 in
984 1175 1138 1212 domum
1160 1177 1314 1213 intranti
1336 1175 1464 1219 refert,
1486 1174 1664 1211 Roscium
1688 1174 1860 1215 amicum,

131 1226 174 1254 ut
191 1230 275 1273 ‘cras
299 1232 339 1256 in
361 1232 403 1256 re
426 1220 637 1274 pecuniaria
660 1220 818 1265 adesset,
842 1234 985 1267 orasse,
1009 1222 1179 1271 ipsosque
1199 1223 1336 1259 scribas
1347 1234 1542 1268 ,quorum
1565 1219 1756 1256 uuussuit
1777 1221 1865 1255 Ho-

130 1274 268 1309 ratius,
291 1274 334 1301 ut
354 1266 466 1302 hodie
490 1267 535 1302 de
557 1278 599 1301 re
622 1279 683 1302 ma
738 1268 746 1275 '
768 1268 948 1304 momenti
963 1281 985 1303 a
999 1280 1113 1303 coena
1136 1269 1236 1313 ocius
1257 1268 1396 1304 reverti
1417 1266 1656 1312 meminisset,
1679 1278 1723 1302 ac
1740 1266 1860 1302 tabel-

129 1310 184 1346 las
207 1323 228 1347 a
249 1311 463 1348 Maecenate
484 1312 682 1361 consignan
707 1325 746 1350 as
768 1323 930 1360 curaret,
952 1326 1028 1351 esse
1050 1312 1255 1352 obtestatos.

273 1403 360 1456 Qua
382 1404 514 1440 mentis
536 1404 723 1441 hilaritate
744 1412 853 1453 poeta
878 1418 954 1441 sese
970 1406 1153 1442 delectans
1173 1406 1376 1442 levissimas
1397 1417 1557 1454 quasque
1577 1404 1675 1440 vitae
1697 1404 1861 1440 urbanae

135 1460 249 1502 nugas
271 1455 382 1497 petit,
416 1459 454 1485 et
484 1459 574 1504 quot
604 1460 830 1504 quantaeque
850 1452 1040 1488 molestiae
1070 1464 1157 1488 eum
1185 1452 1348 1506 quotidie
1370 1452 1412 1489 in
1434 1452 1526 1489 urbe
1546 1457 1701 1496 vexent,
1737 1450 1861 1498 lepide

134 1494 358 1549 describens,
393 1508 431 1532 se
460 1496 518 1550 .h¹⁵
550 1497 698 1545 ineptiis
728 1498 944 1535 distractum
967 1510 1113 1534 summo
1136 1498 1317 1534 desiderio
1339 1500 1454 1535 vitam
1475 1499 1672 1541 rusticam,
1712 1508 1864 1532 morum

133 1548 366 1588 integritatis,
389 1543 591 1594 sapientiae
614 1550 651 1578 et
674 1545 939 1587 continentiae,
963 1544 1121 1592 ideoque
1138 1556 1249 1580 verae
1265 1543 1451 1581 felicitatis
1466 1544 1588 1581 sedem
1604 1549 1777 1592 appetere
1798 1541 1860 1581 fa-.-

133 1593 243 1622 tetur.
305 1586 650 1634 Deniquefestivae
673 1589 759 1626 huic
780 1591 940 1627 orationi
962 1590 1074 1627 finem
1097 1590 1150 1627 im
1248 1591 1275 1627 't
1296 1590 1453 1635 fabella,
1477 1603 1548 1639 qua
1568 1590 1723 1626 Cervius
1745 1589 1861 1624 rusti-

136 1645 213 1676 cus,
227 1644 352 1687 'quum
374 1633 542 1687 &essius
564 1635 706 1689 vicinus
728 1636 902 1673 sollicitas
924 1637 1073 1684 ignarus
1096 1603 1199 1673 urtiis
1221 1649 1309 1685 opes
1332 1637 1512 1681 laudaret,
1535 1637 1659 1683 ibique
1681 1635 1861 1671 maximas

133 1679 279 1715 homini
301 1686 511 1726 contmgers
533 1680 682 1717 delicias
704 1683 1042 1725 stultustcrederet,
1073 1683 1321 1719 adulterinam
1351 1684 1447 1720 lianc
1476 1683 1689 1732 opinionem
1719 1681 1863 1717 refuta-

137 1725 220 1767 bat,
259 1736 433 1780 narrans,
466 1732 509 1762 ut
520 1727 623 1781 ’olim
646 1739 670 1762 a
691 1728 828 1765 rustico
850 1741 958 1765 mure
979 1729 1141 1766 urbanus
1161 1728 1321 1783 hospitio
1344 1729 1459 1766 fuerit
1480 1735 1673 1779 exceptus,
1711 1737 1783 1775 qua
1808 1727 1860 1762 si-

135 1772 217 1806 mul
240 1778 372 1807 satirae
394 1772 632 1820 dispositione
653 1780 780 1821 poeta,
811 1781 854 1811 ut
876 1775 915 1811 in
938 1781 1104 1814 exn-eino
1128 1787 1290 1811 carmine
1313 1776 1586 1824 argutis-simam
1611 1786 1697 1811 sane
1719 1774 1860 1815 rerum,

136 1819 339 1870 quas-salse
360 1819 544 1871 percurrit
564 1820 824 1865 sententiosus,
855 1822 1170 1868 enumerationem
1198 1821 1368 1864 adderet,
1397 1826 1550 1857 ‘summa
1572 1833 1659 1856 cum
1681 1819 1859 1856 orationis

76 1886 84 1893 s
135 1868 378 1915 concinnitate
401 1863 532 1917 effecit.
580 1865 665 1916 ‚sed
695 1867 819 1903 omnis'
843 1867 934 1904 haec
956 1868 1216 1904 sententiarum
1238 1867 1405 1916 farrago,
1444 1880 1557 1916 quam
1578 1867 1675 1903 mira
1697 1873 1734 1902 et
1756 1864 1859 1913 quasi

136 1909 385 1956 conglutinata
406 1916 541 1962 potius,
566 1923 679 1957 quam
701 1914 905 1961 composita
927 1914 1051 1962 prima
1065 1913 1184 1962 specie
1206 1923 1381 1962 appareat
1397 1915 1528 1950 lectori
1543 1925 1686 1950 necesse
1709 1919 1773 1953 est,
1797 1919 1857 1946 ta-

132 1964 220 1989 men
243 1966 322 1990 una
343 1963 397 1989 est
418 1961 455 1990 et
476 1957 662 2010 szmpleff,
686 1970 812 2011 omnes
834 1960 957 2003 enim,
979 1972 1073 2016 quae
1095 1960 1200 1996 vario
1223 1972 1392 1996 sermone
1409 1967 1607 1997 exornatae
1625 1960 1664 1996 in
1681 1960 1750 1995 hoc
1764 1970 1858 2006 poe-

133 2006 237 2055 mate
257 2001 448 2055 leguntur,
471 2009 671 2057 sententiae
692 2016 735 2040 in
757 2007 855 2042 laeta
876 2008 994 2044 animi
1017 2006 1301 2054 tranquillitate,
1325 2019 1438 2054 quam
1460 2007 1612 2056 frugalis
1633 2006 1730 2041 vitae
1744 2004 1857 2040 rusti-

137 2059 201 2099 cae
225 2053 414 2101 integritas
423 2048 574 2101 ‘homim
594 2058 663 2086 sim
691 2050 756 2087 lici
768 2051 948 2089 instillare
967 2052 1103 2096 debet,
1127 2053 1354 2100 tanquamin
1367 2053 1516 2090 cardine
1533 2058 1744 2088 vertuntur:
1767 2051 1858 2085 haec

135 2103 236 2129 emm
261 2099 338 2129 vita
359 2100 514 2148 agrestis·
536 2101 658 2131 morta
673 2108 735 2149 em
763 2097 886 2133 reddit
914 2099 1038 2146 paucis
1062 2104 1295 2141 contentum,
1332 2105 1522 2136 conservat
1544 2099 1651 2136 illum
1674 2102 1800 2135 mente
1822 2102 1860 2131 et

134 2149 292 2184 coi-pore
310 2150 454 2191 sanum,
481 2152 630 2189 ejusque
652 2151 768 2180 vitam
781 2146 1000 2193 plerumque
1022 2144 1166 2193 longius
1187 2144 1358 2194 producit
1366 2145 1430 2191 &*),

192 2269 224 2306 ·)
251 2271 313 2301 sn.
329 2272 370 2307 u.
391 2272 421 2309 6,
441 2266 566 2306 ἰι-46,

194 2326 242 2365 “.’”)
252 2327 337 2358 Cous.
357 2329 419 2361 Sat.
439 2330 477 2366 11,
493 2330 526 2369 6,
548 2331 584 2361 28
605 2338 635 2362 et
658 2341 703 2372 ¹9·
