1960 2683
963 89 1020 131 16

113 205 193 255 jam
218 206 265 243 ad
288 207 478 243 tibicinem
501 212 611 241 oantu
634 212 812 253 motuque
832 214 1055 262 congruente
1073 218 1159 256 pera
1188 212 1302 243 erent.
1353 206 1479 254 Quam
1494 207 1640 244 remita
1659 219 1699 243 se
1710 208 1860 251 habere,

117 253 337 289 celsissimus
360 253 425 288 ille
448 252 761 287 Wachsmuthius
786 253 933 290 Valerii
956 254 1117 290 Maximi
1139 254 1168 289 li
1197 279 1204 287 .
1230 264 1273 294 2,
1299 250 1347 289 44
1370 254 1588 297 auctoritate
1613 253 1759 300 adjutus
1781 255 1860 300 jam

118 300 321 334 annotavit.
367 299 496 351 Itaque
518 298 661 333 factum
684 305 754 341 est,
793 306 835 335 ut
863 306 972 347 poeta
997 307 1120 335 noster
1149 299 1356 347 ingeniosus
1380 298 1518 346 dialogi
1541 298 1702 335 formam
1725 300 1861 335 satirae

117 356 293 380 romanae
317 344 453 390 origini
474 350 512 378 et
536 351 690 379 naturae
713 345 904 392 propriam
928 352 965 380 et
987 346 1233 392 principalem
1257 357 1331 379 non
1347 344 1456 390 plane
1473 345 1706 391 repudiaret,
1734 346 1794 380 sed
1819 343 1862 380 oa.

116 389 165 424 ad
189 388 269 424 vim
292 389 370 435 ejus
395 389 602 437 augendam
627 390 732 424 docte
754 390 918 436 beneque
940 403 1028 425 usus
1051 403 1119 438 per
1143 402 1269 426 omnes
1291 389 1375 425 libr.
1400 388 1449 424 11.
1475 390 1609 425 satirae
1644 403 1675 433 1,
1701 391 1737 435 5,
1761 391 1797 433 4,
1823 391 1860 432 5,

117 444 154 481 7,
179 435 216 477 8,
241 442 365 482 partes
388 448 600 472 sermonem
615 435 794 471 tribueret
808 437 916 474 certis
933 437 1119 484 personis,
1145 437 1184 473 in
1209 436 1290 472 aliis
1307 441 1451 478 autem,
1477 435 1517 471 in
1533 436 1665 482 quibus
1681 437 1760 473 sive
1782 449 1864 473 rem

116 481 286 562 alipuam
307 482 388 529 ipse
411 488 540 517 narrat
562 488 690 529 poeta,
714 482 792 517 sive
817 495 935 517 unum
959 483 1124 529 aliquem
1146 495 1270 518 secum
1301 484 1512 534 loquentem
1537 488 1602 517 aut
1624 482 1864 518 meditantem

117 525 159 563 in
186 527 281 568 ucit,
312 534 465 575 repente
487 527 660 563 transiret
682 527 722 562 in
745 539 932 563 sermones
956 529 1135 573 alternos,
1176 529 1278 574 cujus
1302 539 1358 562 rel
1381 527 1552 575 exempla
1574 527 1727 574 praebet
1749 528 1865 563 satira

118 573 239 609 altera
261 573 351 609 libri
373 574 522 609 secundi
546 572 630 608 inde
654 584 675 607 a
699 586 809 608 versu
833 584 900 620 99,
929 574 996 610 ubi
1017 575 1208 610 hominem
1232 587 1252 609 a
1275 573 1392 621 probo
1423 573 1489 608 illo
1515 579 1552 608 et
1574 573 1710 609 rustico
1735 572 1861 609 Ofello

119 618 353 656 admonitum
364 632 403 654 se
415 619 673 655 defendentem
685 619 847 662 exhibet,
863 621 925 657 vel
936 621 1095 669 denique
1106 621 1185 669 ipse
1200 631 1284 655 cum
1298 619 1507 655 adversario
1520 619 1843 666 colloqueretur.*)

263 711 390 748 Simili
410 710 524 747 modo
553 711 629 747 Sat.
656 712 686 747 Ι.
710 722 745 758 9.
771 724 879 755 eum,
927 725 1043 760 quum
1065 712 1106 748 in
1130 712 1193 748 via
1214 724 1319 748 sacra
1343 711 1573 754 ambularet,
1605 723 1690 747 cum
1712 710 1864 747 homine

120 759 301 802 molesto,
328 758 393 806 qui
417 770 454 793 se
477 757 628 793 doctum
649 757 829 801 habebat,
855 759 1125 806 colloquentem
1142 758 1362 795 invenimus.
1412 757 1537 804 Quam
1554 758 1713 804 jucunde
1727 757 1866 793 descri-

120 803 180 840 bit
195 804 347 841 Flaccus
373 816 546 851 operam,
577 810 620 838 ut
643 804 786 838 urbane
803 805 953 839 tandem
977 806 1024 839 ab
1041 817 1084 838 eo
1099 804 1311 845 discederet,
1335 805 1552 850 impensam,
1576 804 1747 850 ipsaque,
1772 814 1866 850 quae

118 856 223 884 vates
245 850 382 885 misere
404 855 578 891 vexatus,
605 861 692 884 cum
714 848 833 883 sudor
853 849 910 883 ad
922 849 1018 883 imos
1035 849 1218 884 Manaret
1243 849 1340 884 talos
1346 874 1359 890 ,
1393 848 1524 883 tacitus
1549 849 1690 895 ajebat,
1740 854 1866 885 notata

119 894 302 941 legimus,
335 906 407 941 quo
431 893 491 937 fit,
517 902 561 929 ut
591 905 739 929 carmen
768 893 863 929 illud
892 893 1202 940 jucundissimum
1230 893 1462 928 sermonibus
1490 894 1640 929 alternis
1669 907 1713 929 eo
1736 901 1865 930 tenore

149 953 192 976 ro
238 940 443 976 edientibus
465 940 630 975 scenicae
650 938 799 974 fabulae
820 940 981 987 speciem
1005 945 1129 987 aperte
1147 951 1236 986 prae
1253 951 1290 974 se
1307 938 1413 982 ferat,
1437 938 1526 985 quin
1539 939 1616 975 imo
1632 939 1759 976 deletis
1803 939 1867 975 ui-

150 953 281 1023 uStgllam
305 985 583 1022 transitionibus
607 985 686 1033 ipsa
712 985 852 1020 scenica
875 985 1047 1021 existeret
1068 984 1206 1020 fabula.
1256 985 1327 1020 Cui
1351 997 1440 1020 vero
1465 985 1599 1020 satirae
1622 985 1761 1033 dialogi
1801 998 1866 1020 or-

123 1044 187 1068 ma
210 1045 287 1068 non
311 1042 382 1074 est,
407 1041 523 1073 certe,
556 1043 603 1067 ne
632 1032 841 1077 languescat
864 1031 1004 1075 oratio,
1041 1030 1226 1078 longiores
1249 1033 1470 1078 plerumque
1492 1043 1679 1067 sermones
1703 1031 1866 1067 interro-

121 1077 293 1128 gationis
316 1077 460 1125 figura,
495 1077 637 1112 lumine
660 1077 728 1112 illo
752 1083 789 1111 et
810 1077 1078 1112 sententiarum
1102 1077 1375 1123 verborumque
1399 1083 1615 1111 ornamento
1640 1078 1779 1124 optime
1801 1076 1865 1111 in-

124 1130 420 1171 terrumpuntur.
468 1122 540 1158 Sed
564 1135 639 1158 non
665 1129 808 1158 tantum
837 1134 965 1158 rerum
989 1122 1226 1172 dispositione
1249 1128 1286 1157 et
1309 1121 1439 1157 ordine
1460 1121 1587 1168 juncto
1611 1134 1696 1157 cum
1720 1129 1805 1170 apta
1829 1129 1866 1156 et

124 1169 308 1217 exquisita
339 1168 634 1205 conformatione
664 1168 855 1216 ingenium
886 1168 1027 1216 priscae
1050 1169 1307 1204 Romanorum
1332 1168 1466 1203 satirae
1487 1168 1563 1214 jam
1587 1181 1634 1204 ex
1659 1168 1745 1204 artis
1768 1168 1866 1216 legi-

123 1215 194 1251 bus
213 1215 352 1263 politae
369 1215 474 1250 docte
492 1227 535 1250 ac
554 1215 672 1262 perite
689 1215 849 1250 retinere
865 1215 1006 1250 studuit
1024 1214 1225 1250 Horatius:
1249 1226 1382 1249 verum
1399 1213 1511 1249 etiam
1525 1215 1727 1249 verborum
1743 1221 1863 1256 trans7

123 1261 285 1298 lationes
309 1267 346 1296 et
368 1274 497 1297 rerum
521 1261 700 1308 imagines
724 1260 1086 1308 comparationesque
1117 1260 1350 1308 potissimum
1381 1272 1402 1295 e
1425 1260 1524 1295 vitae
1546 1260 1750 1296 communis
1775 1272 1864 1296 con·

127 1307 343 1352 ditionibus,
367 1308 407 1342 in
432 1307 563 1353 quibus
586 1308 643 1342 vis
667 1307 848 1353 quaedam
872 1307 1010 1342 comica
1033 1307 1147 1349 inest,
1161 1314 1346 1353 'quaeque
1379 1305 1486 1349 hujus
1510 1318 1658 1353 poeseos
1683 1306 1865 1354 originem

124 1353 306 1402 prodant,
339 1353 386 1388 ad
414 1353 507 1389 haec
537 1353 703 1387 carmina
727 1352 940 1387 exornanda
963 1352 1143 1400 sagaciter
1165 1352 1344 1397 assumsit-¹
1393 1352 1454 1387 Sic
1476 1352 1516 1387 in
1539 1352 1614 1387 Sat.
1641 1353 1672 1396 I,
1701 1365 1732 1388 1.
1755 1359 1865 1400 poeta

122 1399 363 1435 sententiam:
386 1399 418 1433 si
442 1399 493 1433 ita
517 1398 639 1445 pergis
662 1411 719 1433 res
743 1399 855 1446 plane
877 1397 949 1433 sibi
972 1397 1175 1434 contrarias
1199 1410 1433 1445 componere,
1456 1399 1513 1435 his
1527 1399 1649 1434 verbis
1662 1399 1861 1446 expressit:

119 1443 256 1494 pergis
265 1443 489 1493 pugnantia
500 1456 627 1478 secum
643 1442 852 1479 Frontibus
876 1443 1049 1479 adversis
1079 1444 1321 1490 componere?
1354 1456 1446 1490 quae
1477 1456 1583 1478 voces
1612 1454 1760 1492 praeter
1782 1446 1867 1492 gla-

124 1491 287 1526 diatores
310 1491 409 1526 inter
430 1502 469 1525 se
491 1495 694 1537 pugnantes
727 1495 765 1525 et
788 1496 911 1525 tauros
935 1487 1074 1524 feroces
1099 1488 1211 1525 etiam
1233 1488 1368 1525 haedos
1390 1490 1573 1537 petulcos,
1615 1491 1679 1537 qui
1702 1490 1867 1526 adversis

123 1535 311 1573 frontibus
333 1549 370 1571 se
393 1536 556 1571 invicem
579 1541 743 1583 petentes
765 1535 883 1570 risum
906 1541 1077 1577 movent,
1109 1547 1195 1570 sane
1225 1536 1424 1571 lectoribus
1447 1536 1487 1571 in
1510 1537 1729 1571 memoriam
1751 1548 1864 1572 revo-

126 1588 224 1618 cant.
282 1581 362 1617 Ubi
388 1582 520 1616 Jovem
553 1580 654 1616 haud
677 1580 865 1615 immerito
894 1589 1049 1627 propter
1076 1580 1271 1615 hominum
1301 1581 1412 1616 modo
1435 1581 1576 1634 aliquid
1598 1582 1864 1629 appetentium,

125 1627 243 1664 modo
266 1627 371 1663 idem
392 1626 643 1663 recusantium
666 1626 967 1669 inconstantiam,
1026 1625 1138 1674 uippe
1161 1626 1225 1673 qui
1251 1626 1347 1662 vitae
1371 1626 1635 1670 conditionem,
1674 1628 1706 1664 si
1735 1628 1865 1664 datum

127 1680 246 1717 esset,
270 1674 375 1709 nullo
398 1679 506 1721 pacto
522 1679 668 1708 mutare
681 1672 815 1715 velint,
839 1672 897 1709 ira
911 1638 1207 1709 exardescentem
1229 1673 1421 1721 proponit,
1447 1673 1602 1712 ridicule
1617 1673 1716 1710 hunc
1728 1674 1862 1718 deum,

128 1731 241 1768 quem
256 1725 403 1767 patrem
419 1719 575 1754 deorum
591 1718 858 1765 hominumque
874 1724 1015 1754 veteres
1028 1719 1238 1760 coluerunt,
1263 1719 1397 1755 ambas
1411 1719 1554 1755 iratum
1569 1719 1704 1757 buccas
1719 1719 1863 1770 inflan—

128 1772 208 1803 tem
228 1771 491 1814 repraesentat.
545 1765 751 1801 Hominem
773 1765 1014 1814 locupletem,
1054 1765 1116 1812 qui
1149 1764 1278 1801 millia
1291 1764 1487 1814 frumenti
1505 1778 1576 1801 sua
1601 1766 1752 1803 triverit
1772 1780 1866 1803 area

127 1817 301 1854 centum,
323 1812 387 1847 sed
410 1817 541 1851 ventre
565 1825 631 1847 suo
655 1824 730 1846 non
753 1814 837 1858 plus
861 1823 974 1858 quam
996 1812 1254 1858 pauperrimus
1279 1813 1431 1858 quisque
1454 1814 1571 1859 capit,
1597 1814 1688 1848 salse
1712 1825 1864 1861 compa-

125 1864 187 1894 rat
211 1870 297 1894 cum
318 1870 444 1900 servo,
469 1857 532 1904 qui
556 1857 760 1893 reticulum
779 1858 894 1906 panis
907 1856 1058 1893 venales
1073 1857 1172 1893 inter
1184 1863 1314 1892 omaeto
1332 1857 1449 1894 Forte
1466 1859 1581 1894 vehat
1599 1859 1777 1901 humero,
1803 1859 1867 1894 sed

126 1903 252 1940 nihilo
270 1904 364 1953 plus
389 1903 548 1958 accipit,
578 1916 695 1957 quam
712 1903 780 1954 qui
800 1903 906 1939 nihil
918 1903 1100 1957 portarit.
1155 1903 1326 1947 Poetam,
1359 1904 1422 1950 qui
1445 1904 1567 1940 ridens
1591 1917 1722 1942 verum
1746 1907 1863 1948 docet,

123 1949 270 1986 confert
291 1962 379 1985 cum
401 1950 480 1985 ludi
502 1956 701 1996 magistm,
739 1949 804 1995 qui
833 1961 959 1997 pueris
984 1949 1047 1984 dat
1069 1950 1228 1985 crustula
1260 1950 1435 1993 blandus,
1471 1951 1657 1997 elementa
1679 1951 1798 1987 velint
1824 1957 1866 1985 ut

122 1995 270 2033 discere
286 1995 435 2045 prima.
482 1993 612 2030 Facete
632 2006 745 2042 porro
768 1995 883 2031 homo
907 2006 1059 2038 avarus,
1083 1995 1146 2043 qui
1170 2008 1341 2031 nummos
1364 2002 1508 2032 tantum
1523 1997 1561 2032 in
1587 2009 1672 2031 arca
1696 2003 1864 2031 contem-

152 2045 232 2078 lans
256 2042 403 2078 nullum
428 2054 475 2077 ex
498 2041 543 2077 iis
567 2053 674 2077 usum
698 2042 815 2089 capit,
841 2041 1024 2091 congestis
1048 2040 1145 2077 undi
1169 2054 1215 2077 ue
1232 2042 1351 2079 saccis
1377 2042 1527 2096 fingitur
1549 2042 1777 2078 indormiens
1800 2042 1862 2077 in-

151 2088 251 2124 iante
266 2100 344 2130 ore,
359 2100 432 2135 qua
445 2087 602 2123 ridicula
617 2099 702 2122 sane
711 2088 873 2135 imagine
886 2099 1070 2124 summam
1082 2054 1223 2124 sordidi
1235 2089 1339 2124 istius
1353 2089 1591 2136 cupiditatem
1608 2088 1701 2123 bene
1712 2099 1863 2135 expres·-

124 2147 202 2170 nam
213 2134 393 2170 videmus.
418 2134 599 2179 Jocularis
611 2134 724 2170 etiam
737 2140 790 2171 est
800 2134 1001 2180 invocatio,
1014 2145 1085 2182 qua
1098 2134 1274 2172 miserum
1288 2146 1482 2181 quemque5
1501 2130 1565 2180 qui
1577 2140 1725 2181 argento
1740 2135 1863 2175 omnia

181 2263 213 2301 ⁸)
231 2262 303 2295 Via.
321 2263 383 2293 Sat.
402 2264 427 2301 1,
448 2272 474 2301 x,
495 2263 532 2294 41
545 2263 643 2296 -xo4.
