1960 2683
966 88 1024 130 14

264 204 378 253 Cujus
401 206 457 242 rei
481 207 745 244 documentum
802 207 929 243 raebet
951 208 1024 244 Sat.
1049 207 1080 243 1.
1109 217 1148 248 ι,
1180 205 1283 242 cu'us
1306 205 1503 242 exordium
1527 202 1600 243 estt
1653 204 1772 258 ;,Qui
1793 202 1862 258 fit,

122 250 346 295 Maecenas,
376 258 418 304 ιμ
440 264 570 295 nemo,
595 265 714 301 quam
733 253 770 289 si
794 253 964 299 isortem
978 253 1054 290 Seu
1079 252 1178 289 ratio
1196 257 1201 271 ¹
1230 251 1371 295 ederit,
1396 251 1559 300 causor-s
1576 252 1766 303 objecerzt,
1792 249 1864 286 alla

124 298 330 336 Contentus
348 304 472 342 vevat,
498 298 634 336 laudet
648 298 804 347 diversa
817 300 1073 350 sequentes?“

263 390 322 426 Ex
350 389 408 426 his
444 390 546 426 enim
578 391 702 428 verbis
733 393 771 428 in
795 403 920 428 causas
943 391 1132 428 humanae
1153 390 1417 428 inconstantiae
1439 389 1642 427 Horatium
1665 389 1865 437 inquisitu-

122 448 209 472 rum
233 447 309 472 esse
330 442 444 484 patet,
482 437 651 485 hancque
681 438 899 473 sententiam
930 444 1029 473 recte
1053 437 1279 473 existimabis
1302 437 1412 485 hujus
1433 437 1567 473 satirae
1590 442 1862 485 argumentum,

115 481 222 529 ‚quod
244 481 292 518 ad
315 482 373 518 rei
396 483 594 520 veritatem
619 483 932 532 comprobandam
955 483 1121 531 singulae
1144 483 1313 530 deinceps
1335 483 1524 531 excipiunt
1545 495 1627 526 res,
1660 493 1749 529 quas
1771 492 1865 529 poe-

122 534 182 564 tae
204 540 274 577 per
297 541 385 566 suae
407 529 524 578 ipsius
547 530 645 567 vitae
667 542 816 566 cursum
841 530 986 580 saepius
1008 529 1148 566 oblatas
1172 529 1336 578 quotidie
1358 529 1554 566 observare
1575 528 1723 567 licebat.

264 620 376 657 Miles
400 621 501 657 enim
525 621 627 658 annis
649 622 863 670 provectior
885 620 1120 664 fortunatum
1142 620 1267 658 laudat
1287 628 1543 665 mercatorem,
1567 626 1696 658 contra
1716 630 1865 655 merca-

124 672 185 701 tor
207 666 384 702 militiam
407 667 594 713 potiorem
619 680 695 704 esse
718 668 923 723 praedicat3
947 668 1130 717 agricolae
1150 667 1295 704 invidet
1310 668 1405 714 juris
1425 669 1610 704 consultus
1623 679 1691 715 per
1714 665 1864 701 consul-

110 717 222 746 ·tores
244 712 332 747 inde
365 724 388 748 a
409 713 535 760 prima
556 714 639 749 luce
661 713 834 762 fatigatus
842 739 872 767 ’⁸-
895 714 961 750 ille
1000 713 1143 758 „Solos
1168 711 1302 759 felices
1327 713 1494 750 viventes
1518 714 1661 750 clamat
1685 711 1726 748 i'n
1748 709 1866 763 urbe“

149 757 295 793 uamvis
318 769 449 802 nemo,
483 759 516 794 si
539 759 620 805 quis
642 760 731 796 deus
752 759 997 808 permisisset,
1035 759 1135 795 vitae
1158 758 1409 795 conditionem
1432 766 1579 796 mutare
1600 758 1703 794 velit.
1751 756 1868 793 Den-

150 802 248 839 endo
271 813 398 840 autem
420 805 638 841 mortalium
661 805 946 842 inconstantiam
974 811 1084 853 poeta
1110 804 1299 851 peculiare
1320 817 1434 851 genus
1456 805 1566 851 hujus
1587 804 1672 840 vitii
1694 803 1735 839 in
1755 814 1865 837 men-

124 857 204 885 tem
226 850 435 892 revocavit,
459 863 532 897 quo
555 850 712 887 forsitan
733 851 925 899 permulti,
948 850 1082 898 quibus
1104 849 1264 885 arctiore
1286 849 1436 885 vinculo
1459 849 1639 886 Horatius
1661 848 1735 886 fuit
1756 848 1866 895 junc-

123 899 205 937 tus,
229 901 318 946 tunc
339 895 564 939 laborarent,
588 897 788 933 avaritiam
812 895 916 939 dico,
948 908 1022 944 qua
1045 894 1086 932 fit
1093 921 1107 938 ,
1140 902 1184 932 ut
1205 894 1326 941 avari,
1350 907 1399 933 ne
1422 908 1509 946 opes
1532 895 1676 934 assidue
1699 895 1868 933 collectas

122 952 192 978 usu
215 940 444 988 diminuant,
469 943 617 996 ingente
638 943 884 980 sollicitentur
904 953 1058 992 pavore.

264 1034 392 1083 Pergit
405 1035 531 1084 igitur,
552 1048 665 1084 quam
681 1036 742 1072 ine
770 1042 840 1080 tae,
864 1047 1048 1083 quamque
1065 1035 1245 1072 ridiculae
1263 1034 1332 1070 hae
1350 1034 1475 1072 sordes
1494 1035 1760 1084 sapientissimo
1784 1035 1867 1071 cui-

125 1092 196 1126 que
219 1088 434 1134 appareant,
459 1082 712 1118 demonstrare
727 1048 939 1130 fflfilosophi
956 1082 1192 1118 severitatem
1213 1081 1403 1127 simulans,
1427 1082 1489 1117 sed
1513 1082 1691 1118 orationis
1714 1080 1884 1118 consor-1

126 1125 284 1162 matium
355 1128 448 1164 riter
471 1141 512 1163 ac
526 1129 679 1164 vocibus
701 1129 891 1175 exquisitis
916 1127 1080 1175 aptisque
1102 1129 1143 1164 in
1165 1128 1235 1164 hac
1257 1127 1431 1163 carminis
1452 1135 1557 1175 parte
1579 1127 1868 1176 comparationi-

127 1171 196 1206 bus
218 1172 293 1220 lepi
320 1185 383 1209 am
406 1173 591 1221 adspersit¹
608 1174 783 1216 ironiam,
809 1186 882 1221 qua
896 1174 1070 1210 Flaccum
1093 1173 1258 1209 sordidos
1282 1173 1470 1221 castigasse
1488 1173 1655 1210 homines
1677 1173 1865 1209 sentimus.

127 1217 322 1255 Praecluso
347 1219 507 1301 denique
530 1221 647 1263 omni,
671 1220 769 1267 quod
795 1223 1015 1268 plerumque
1038 1220 1205 1256 homines
1224 1219 1329 1255 avari
1346 1219 1513 1255 aviditati
1538 1231 1715 1266 quaerere
1737 1220 1866 1261 solent,

127 1263 357 1301 deverticulo
382 1272 418 1301 et
457 1265 605 1309 atebra,
630 1278 746 1313 quum
768 1266 919 1302 veritati
939 1266 1142 1301 sententiae
1164 1265 1221 1303 his
1244 1265 1410 1300 versibus
1434 1274 1651 1302 exornatae:

466 1330 539 1366 Est
554 1329 698 1366 .modus
720 1330 760 1365 in
785 1329 908 1372 rebus,
931 1336 1019 1366 sunt
1034 1330 1128 1366 certi
1151 1329 1312 1379 denique
1324 1326 1443 1377 fines,

470 1376 571 1422 Quos
595 1376 701 1412 ultra
725 1376 896 1425 citraque
919 1376 1051 1425 nequit
1073 1375 1272 1416 consistere
1295 1382 1441 1413 rectum

128 1450 189 1485 vel
211 1449 252 1485 in
274 1448 407 1497 opibus
429 1449 662 1498 acquirendis
685 1449 1017 1497 conservandisque
1039 1452 1166 1485 locum
1184 1461 1259 1485 esse
1282 1449 1390 1485 brevi
1411 1456 1447 1485 et
1472 1448 1634 1486 dilucida
1656 1452 1867 1488 narratione

128 1494 366 1543 exposuisset,
395 1506 507 1544 poeta
530 1496 576 1531 ad
601 1508 702 1539 rem,
727 1508 842 1543 quam
866 1496 1022 1531 exordio
1044 1495 1258 1543 proposuit,
1289 1494 1402 1531 rediit
1424 1495 1647 1540 admiratus,
1672 1498 1868 1535 avaritiam

126 1540 395 1586 insatiabilem,
419 1542 509 1578 licet
530 1542 747 1579 stultissima
771 1548 1046 1590 agnosceretur,
1065 1547 1188 1577 tamen
1212 1541 1454 1589 praecipuum
1471 1542 1588 1578 animi
1602 1555 1665 1578 sua
1680 1550 1777 1580 sorte
1791 1557 1866 1581 non

128 1587 292 1624 contenti
314 1600 391 1624 esse
414 1588 578 1632 fontem,
603 1588 712 1635 eique
733 1599 887 1636 gravem
901 1587 1048 1623 adferre
1064 1586 1403 1635 perturbationem5
1428 1600 1571 1623 avarus
1587 1589 1689 1625 enim
1702 1589 1866 1627 hocloco

127 1645 204 1671 non
227 1634 295 1669 ille
316 1640 464 1681 tantum
486 1635 718 1682 appellatur,
768 1634 807 1669 ui
828 1632 1007 1669 sordidus
1018 1633 1219 1688 pecuniam
1241 1633 1424 1678 corradit,
1458 1633 1519 1669 sed
1543 1635 1750 1684 quicunque
1773 1637 1867 1674 assi-

128 1680 213 1716 duis
234 1678 427 1717 laboribus
450 1692 512 1723 ea,
570 1692 638 1717 uae
660 1692 735 1716 non
785 1679 881 1723 abet,
903 1686 1045 1762 aPfietit
1066 1679 1266 1727 alienisque
1289 1680 1420 1716 inhiat.
1466 1680 1593 1728 Itaque
1610 1682 1643 1723 si
1665 1694 1755 1718 vera
1765 1691 1862 1726 sunt,

153 1737 225 1761 uae
248 1725 295 1761 de
317 1725 387 1761 hac
409 1726 520 1762 satira
569 1726 739 1775 isputavi,
763 1738 911 1762 carmen
935 1727 948 1762 i
982 1727 1029 1762 ud
1052 1726 1092 1762 in
1114 1726 1170 1761 his
1189 1726 1425 1774 potissimum
1448 1727 1646 1771 sententiis,
1669 1740 1763 1774 quae
1788 1730 1866 1776 ejus

128 1737 414 1819 :inpositionem
435 1773 611 1816 efficiunt,
635 1773 733 1808 haud
745 1772 858 1809 dubie
879 1772 1050 1808 vertitur.
1098 1771 1275 1808 Mortales
1287 1774 1509 1820 plerumque
1521 1771 1580 1816 iis,
1603 1785 1698 1820 quae
1715 1773 1864 1819 habent,

128 1830 208 1854 non
231 1819 394 1855 contenti
415 1819 520 1863 illos,
545 1820 607 1867 qui
632 1819 821 1855 diversum
845 1830 867 1854 a
892 1831 958 1854 suo
983 1819 1081 1854 vitae
1102 1830 1236 1866 genere
1257 1830 1275 1853 s
1320 1824 1471 1862 uuntur,
1494 1817 1620 1854 felices
1641 1820 1865 1867 praedicant,

129 1865 236 1911 cujus
264 1865 322 1900 rei
350 1864 431 1900 sons
463 1873 498 1901 ot
521 1875 631 1913 caput
654 1865 838 1907 avaritia,
863 1876 971 1919 quae,
992 1874 1040 1900 no
1061 1864 1199 1900 insulsa
1220 1864 1300 1899 deri
1327 1870 1448 1905 eatur,
1478 1876 1546 1900 nec
1568 1865 1647 1901 ullo
1668 1873 1865 1913 praetextu

127 1923 196 1948 nec
217 1911 489 1958 speciosissimo
509 1913 661 1948 nomine
683 1910 745 1953 fit,
766 1911 1001 1947 existimetur
1022 1921 1166 1946 neeesse
1189 1916 1255 1945 est.
1302 1909 1410 1945 Unde
1432 1909 1591 1953 mirum,
1622 1911 1722 1959 quod
1743 1919 1864 1949 tantus

128 1958 175 1993 sit
198 1968 332 1992 eorum
355 1966 552 2003 numerus,
575 1957 640 2007 qui
656 1957 762 1994 avari
775 1957 920 2005 majora
934 1967 1083 2006 semper
1103 1962 1291 2005 appetunt.
1339 1955 1537 1993 Caeterum
1551 1963 1702 2006 poetae,
1724 1965 1767 1995 ut
1779 1960 1865 1995 ani-

128 2016 235 2042 mum
257 2003 420 2041 hominis
441 2017 517 2041 non
539 2004 721 2048 contenti,
744 2010 920 2059 tanquam
942 2004 1019 2040 alia
1040 2002 1168 2040 induta
1187 2003 1318 2051 specie,
1343 2016 1385 2039 v.·
1402 2015 1437 2052 g.
1450 2003 1572 2039 studio
1591 2004 1757 2051 reliquos
1769 2017 1865 2052 quo-

125 2062 273 2098 cunque
296 2051 430 2095 modo,
453 2051 533 2091 sive
549 2057 648 2087 recte
690 2051 769 2086 sive
791 2063 846 2093 vi,
869 2050 951 2099 ipsa
973 2050 1112 2099 pietate
1133 2061 1176 2085 ae
1203 2049 1387 2097 uitateque
1409 2050 1586 2098 neglecta,
1609 2047 1811 2086 honoribus
1829 2057 1866 2087 et

131 2098 350 2135 auctoritate
370 2097 615 2147 supperandi,
667 2109 710 2134 oc
730 2109 901 2134 sermone
923 2097 1163 2141 describeret,
1214 2096 1296 2133 u'us
1319 2097 1454 2135 satirae
1475 2094 1542 2132 fini
1564 2095 1621 2131 his
1642 2094 1766 2132 verbis
1789 2097 1866 2133 im-

132 2144 270 2191 posito:
317 2144 416 2186 Inde
470 2150 504 2188 t,
530 2151 573 2180 ut
597 2156 706 2198 raro!
732 2144 800 2194 qui
820 2157 861 2179 se
884 2144 1025 2180 vixisse
1048 2143 1200 2179 beatum
1274 2143 1344 2179 ’cat
1361 2148 1398 2178 et
1412 2147 1545 2178 exacto
1571 2146 1762 2183 contentus
1772 2149 1868 2180 tem-

130 2201 225 2238 pore
249 2189 330 2224 vita
352 2190 385 2225 C
433 2197 474 2227 at
497 2190 557 2227 uti
579 2203 741 2231 comava
763 2196 889 2234 satur,
913 2189 1083 2240 reperire
1104 2202 1309 2238 queamus,
1345 2199 1484 2223 novam
1507 2198 1652 2234 quoque
1675 2189 1867 2237 cogitatio-

131 2247 226 2271 num
257 2235 389 2278 seriem
416 2237 616 2285 ad‘ungere
644 2236 792 2274 licuisse
818 2235 928 2274 facile
958 2236 1149 2280 videmus,
1188 2235 1249 2271 cui
1276 2245 1409 2270 revera
1436 2244 1544 2268 exem
1570 2233 1651 2270 lum
1673 2235 1718 2271 ab
1739 2237 1868 2284 auriga

132 2294 280 2330 „quum
305 2282 449 2321 carceri
474 2294 518 2320 us
539 2281 672 2321 missos
694 2281 801 2332 rapit
823 2281 972 2331 ungula
987 2294 1132 2330 currus,
1155 2281 1257 2330 equis
1273 2291 1357 2316 suos
1374 2244 1603 2318 vincentii'us
1622 2278 1780 2319 instante
1803 2293 1872 2330 pe-
